%% This BibTeX bibliography file was created using BibDesk.
%% http://bibdesk.sourceforge.net/


%% Created for Pascal Knierim at 2014-05-01 18:48:07 +0200 


%% Saved with string encoding Unicode (UTF-8) 



@inproceedings{Mobileprojectorcam:tw,
	Author = {Brauer, Robert and M{\"u}ller, Lars and Aslan, Ilhan},
	Booktitle = {Adjunct Proceedings UbiComp 2009},
	Date-Added = {2014-04-29 15:44:02 +0000},
	Date-Modified = {2014-04-29 15:44:44 +0000},
	Title = {Mobile projector-camera system based interaction technique for annotating physical information resources},
	Year = {2009}}

@inproceedings{Wilson:2010bv,
	Acmid = {1936665},
	Address = {New York, NY, USA},
	Author = {Wilson, Andrew D.},
	Booktitle = {ACM International Conference on Interactive Tabletops and Surfaces},
	Doi = {10.1145/1936652.1936665},
	Isbn = {978-1-4503-0399-6},
	Keywords = {depth-sensing cameras, touchscreen interfaces},
	Location = {Saarbr{\"u}cken, Germany},
	Numpages = {4},
	Pages = {69--72},
	Publisher = {ACM},
	Series = {ITS '10},
	Title = {Using a Depth Camera As a Touch Sensor},
	Year = {2010},
	Bdsk-Url-1 = {http://dx.doi.org/10.1145/1936652.1936665}}

@article{Sodhil:2010wh,
	Affiliation = {University of Illinois at Urbana-Champaign},
	Annote = {From: <b>Steerable augmented reality with the beamatron

How to calibrate the kinect
</b>},
	Author = {Sodhil, Rajiner and Jones, Brett},
	Date-Added = {2013-10-14T13:37:19GMT},
	Date-Modified = {2014-04-12T08:38:52GMT},
	File = {{Computational Photography -- Final Project 2010 Sodhil.pdf:/Users/pascalknierim/Documents/Studium/Masterarbeit/Paper/Articles/2010/Sodhil/Computational Photography -- Final Project 2010 Sodhil.pdf:application/pdf}},
	Journal = {Computational Photography -- Final Project},
	Local-Url = {file://localhost/Users/pascalknierim/Documents/Studium/Masterarbeit/Paper/Articles/2010/Sodhil/Computational%20Photography%20%E2%80%93%20Final%20Project%202010%20Sodhil.pdf},
	Month = dec,
	Pages = {1--11},
	Rating = {0},
	Read = {Yes},
	Title = {{Kinect-Projector Calibration}},
	Uri = {\url{papers2://publication/uuid/4FF9A8D3-9219-424B-AC39-9E854BC38EB6}},
	Url = {http://augmentedengineering.com/ProCamCalibration/brjones2rsodhi2Final.pdf},
	Year = {2010},
	Bdsk-File-1 = {YnBsaXN0MDDUAQIDBAUGJCVYJHZlcnNpb25YJG9iamVjdHNZJGFyY2hpdmVyVCR0b3ASAAGGoKgHCBMUFRYaIVUkbnVsbNMJCgsMDxJXTlMua2V5c1pOUy5vYmplY3RzViRjbGFzc6INDoACgAOiEBGABIAFgAdccmVsYXRpdmVQYXRoWWFsaWFzRGF0YW8QVwAuAC4ALwBQAGEAcABlAHIALwBBAHIAdABpAGMAbABlAHMALwAyADAAMQAwAC8AUwBvAGQAaABpAGwALwBDAG8AbQBwAHUAdABhAHQAaQBvAG4AYQBsACAAUABoAG8AdABvAGcAcgBhAHAAaAB5ACAgEwAgAEYAaQBuAGEAbAAgAFAAcgBvAGoAZQBjAHQAIAAyADAAMQAwACAAUwBvAGQAaABpAGwALgBwAGQAZtIXCxgZV05TLmRhdGFPEQKcAAAAAAKcAAIAAAxNYWNpbnRvc2ggSEQAAAAAAAAAAAAAAAAAAADOZgQXSCsAAADHWlkfQ29tcHV0YXRpb25hbCBQaG90b2cjQzc1QTVBLnBkZgAAAAAAAAAAAAAAAAAAAAAAAAAAAAAAAAAAAAAAAAAAAMdaWs9jLtYAAAAAAAAAAAABAAUAAAkgAAAAAAAAAAAAAAAAAAAABlNvZGhpbAAQAAgAAM5l5/cAAAARAAgAAM9jErYAAAABACQAx1pZAMdaUQDHWhcAGSPxABieNgAYmn0ABunRAAbp0AACYHUAAgCDTWFjaW50b3NoIEhEOlVzZXJzOgBwYXNjYWxrbmllcmltOgBEb2N1bWVudHM6AFN0dWRpdW06AE1hc3RlcmFyYmVpdDoAUGFwZXI6AEFydGljbGVzOgAyMDEwOgBTb2RoaWw6AENvbXB1dGF0aW9uYWwgUGhvdG9nI0M3NUE1QS5wZGYAAA4AdAA5AEMAbwBtAHAAdQB0AGEAdABpAG8AbgBhAGwAIABQAGgAbwB0AG8AZwByAGEAcABoAHkAICATACAARgBpAG4AYQBsACAAUAByAG8AagBlAGMAdAAgADIAMAAxADAAIABTAG8AZABoAGkAbAAuAHAAZABmAA8AGgAMAE0AYQBjAGkAbgB0AG8AcwBoACAASABEABIAiVVzZXJzL3Bhc2NhbGtuaWVyaW0vRG9jdW1lbnRzL1N0dWRpdW0vTWFzdGVyYXJiZWl0L1BhcGVyL0FydGljbGVzLzIwMTAvU29kaGlsL0NvbXB1dGF0aW9uYWwgUGhvdG9ncmFwaHkg4oCTIEZpbmFsIFByb2plY3QgMjAxMCBTb2RoaWwucGRmAAATAAEvAAAVAAIAFP//AACABtIbHB0eWiRjbGFzc25hbWVYJGNsYXNzZXNdTlNNdXRhYmxlRGF0YaMdHyBWTlNEYXRhWE5TT2JqZWN00hscIiNcTlNEaWN0aW9uYXJ5oiIgXxAPTlNLZXllZEFyY2hpdmVy0SYnVHJvb3SAAQAIABEAGgAjAC0AMgA3AEAARgBNAFUAYABnAGoAbABuAHEAcwB1AHcAhACOAT8BRAFMA+wD7gPzA/4EBwQVBBkEIAQpBC4EOwQ+BFAEUwRYAAAAAAAAAgEAAAAAAAAAKAAAAAAAAAAAAAAAAAAABFo=},
	Bdsk-Url-1 = {http://augmentedengineering.com/ProCamCalibration/brjones2rsodhi2Final.pdf}}

@inproceedings{Winkler:2011kk,
	Acmid = {2076367},
	Address = {New York, NY, USA},
	Author = {Winkler, Christian and Reinartz, Christian and Nowacka, Diana and Rukzio, Enrico},
	Booktitle = {Proceedings of the ACM International Conference on Interactive Tabletops and Surfaces},
	Doi = {10.1145/2076354.2076367},
	Isbn = {978-1-4503-0871-7},
	Keywords = {collaboration, mobile phone, personal projection, phone call, projector phone},
	Location = {Kobe, Japan},
	Numpages = {10},
	Pages = {61--70},
	Publisher = {ACM},
	Series = {ITS '11},
	Title = {Interactive Phone Call: Synchronous Remote Collaboration and Projected Interactive Surfaces},
	Year = {2011},
	Bdsk-Url-1 = {http://dx.doi.org/10.1145/2076354.2076367}}

@inproceedings{Wilson:2012fb,
	Acmid = {2380169},
	Address = {New York, NY, USA},
	Author = {Wilson, Andrew and Benko, Hrvoje and Izadi, Shahram and Hilliges, Otmar},
	Booktitle = {Proceedings of the 25th Annual ACM Symposium on User Interface Software and Technology},
	Doi = {10.1145/2380116.2380169},
	Isbn = {978-1-4503-1580-7},
	Keywords = {augmented reality, depth cameras, steerable displays, ubiquitous computing},
	Location = {Cambridge, Massachusetts, USA},
	Numpages = {10},
	Pages = {413--422},
	Publisher = {ACM},
	Series = {UIST '12},
	Title = {Steerable Augmented Reality with the Beamatron},
	Year = {2012},
	Bdsk-Url-1 = {http://dx.doi.org/10.1145/2380116.2380169}}

@article{Raskar:1998uu,
	Annote = {propose office of the future:
celing lights are replaced by camera projector system.
use two pass projection combinde with head tracking to acoumplich rendering on possible irregular display surfaces. 

Higly complex and difficult calibrated setup


such systems faces many challenges but can be overcome by increadse power of hardware an computing. },
	Author = {Raskar, Ramesh and Welch, Greg and Cutts, Matt and Lake, Adam and Stesin, Lev and Fuchs, Henry},
	Date-Added = {2013-10-04T13:54:05GMT},
	Date-Modified = {2014-04-15T15:53:03GMT},
	File = {{1998 Raskar.pdf:/Users/pascalknierim/Documents/Studium/Masterarbeit/Paper/Articles/1998/Raskar/1998 Raskar.pdf:application/pdf}},
	Isbn = {0897919998},
	Local-Url = {file://localhost/Users/pascalknierim/Documents/Studium/Masterarbeit/Paper/Articles/1998/Raskar/1998%20Raskar.pdf},
	Pages = {179--188},
	Publisher = {ACM},
	Rating = {0},
	Read = {Yes},
	Title = {{The office of the future: A unified approach to image-based modeling and spatially immersive displays}},
	Uri = {\url{papers2://publication/uuid/D240D22C-B37F-4845-86B1-D9A4A5FE2735}},
	Url = {http://dl.acm.org/citation.cfm?id=280861},
	Year = {1998},
	Bdsk-File-1 = {YnBsaXN0MDDUAQIDBAUGJCVYJHZlcnNpb25YJG9iamVjdHNZJGFyY2hpdmVyVCR0b3ASAAGGoKgHCBMUFRYaIVUkbnVsbNMJCgsMDxJXTlMua2V5c1pOUy5vYmplY3RzViRjbGFzc6INDoACgAOiEBGABIAFgAdccmVsYXRpdmVQYXRoWWFsaWFzRGF0YV8QLS4uL1BhcGVyL0FydGljbGVzLzE5OTgvUmFza2FyLzE5OTggUmFza2FyLnBkZtIXCxgZV05TLmRhdGFPEQIMAAAAAAIMAAIAAAxNYWNpbnRvc2ggSEQAAAAAAAAAAAAAAAAAAADOZgQXSCsAAADHWh8PMTk5OCBSYXNrYXIucGRmAAAAAAAAAAAAAAAAAAAAAAAAAAAAAAAAAAAAAAAAAAAAAAAAAAAAAAAAAAAAAAAAAMdaIM9jLtUAAAAAAAAAAAABAAUAAAkgAAAAAAAAAAAAAAAAAAAABlJhc2thcgAQAAgAAM5l5/cAAAARAAgAAM9jErUAAAABACQAx1ofAMdaHgDHWhcAGSPxABieNgAYmn0ABunRAAbp0AACYHUAAgBzTWFjaW50b3NoIEhEOlVzZXJzOgBwYXNjYWxrbmllcmltOgBEb2N1bWVudHM6AFN0dWRpdW06AE1hc3RlcmFyYmVpdDoAUGFwZXI6AEFydGljbGVzOgAxOTk4OgBSYXNrYXI6ADE5OTggUmFza2FyLnBkZgAADgAgAA8AMQA5ADkAOAAgAFIAYQBzAGsAYQByAC4AcABkAGYADwAaAAwATQBhAGMAaQBuAHQAbwBzAGgAIABIAEQAEgBdVXNlcnMvcGFzY2Fsa25pZXJpbS9Eb2N1bWVudHMvU3R1ZGl1bS9NYXN0ZXJhcmJlaXQvUGFwZXIvQXJ0aWNsZXMvMTk5OC9SYXNrYXIvMTk5OCBSYXNrYXIucGRmAAATAAEvAAAVAAIAFP//AACABtIbHB0eWiRjbGFzc25hbWVYJGNsYXNzZXNdTlNNdXRhYmxlRGF0YaMdHyBWTlNEYXRhWE5TT2JqZWN00hscIiNcTlNEaWN0aW9uYXJ5oiIgXxAPTlNLZXllZEFyY2hpdmVy0SYnVHJvb3SAAQAIABEAGgAjAC0AMgA3AEAARgBNAFUAYABnAGoAbABuAHEAcwB1AHcAhACOAL4AwwDLAtsC3QLiAu0C9gMEAwgDDwMYAx0DKgMtAz8DQgNHAAAAAAAAAgEAAAAAAAAAKAAAAAAAAAAAAAAAAAAAA0k=},
	Bdsk-Url-1 = {http://dl.acm.org/citation.cfm?id=280861}}

@article{Rukzio:2013wh,
	Author = {Rukzio, Enriko},
	Date-Added = {2013-09-26T09:19:38GMT},
	Date-Modified = {2014-04-21T15:45:09GMT},
	File = {{2013 Rukzio.pdf:/Users/pascalknierim/Documents/Studium/Masterarbeit/Paper/Articles/2013/Rukzio/2013 Rukzio.pdf:application/pdf}},
	Local-Url = {file://localhost/Users/pascalknierim/Documents/Studium/Masterarbeit/Paper/Articles/2013/Rukzio/2013%20Rukzio.pdf},
	Month = sep,
	Pages = {1--15},
	Rating = {0},
	Read = {Yes},
	Title = {{1.1 Allgemeine Angaben zum Teilprojekt B5}},
	Uri = {\url{papers2://publication/uuid/276B1191-DC22-463B-A8EA-5E2076A142FA}},
	Url = {message:%3C009101ceb861$c452c3e0$4cf84ba0$@uni-ulm.de%3E},
	Year = {2013},
	Bdsk-File-1 = {YnBsaXN0MDDUAQIDBAUGJCVYJHZlcnNpb25YJG9iamVjdHNZJGFyY2hpdmVyVCR0b3ASAAGGoKgHCBMUFRYaIVUkbnVsbNMJCgsMDxJXTlMua2V5c1pOUy5vYmplY3RzViRjbGFzc6INDoACgAOiEBGABIAFgAdccmVsYXRpdmVQYXRoWWFsaWFzRGF0YV8QLS4uL1BhcGVyL0FydGljbGVzLzIwMTMvUnVremlvLzIwMTMgUnVremlvLnBkZtIXCxgZV05TLmRhdGFPEQIMAAAAAAIMAAIAAAxNYWNpbnRvc2ggSEQAAAAAAAAAAAAAAAAAAADOZgQXSCsAAADHWo0PMjAxMyBSdWt6aW8ucGRmAAAAAAAAAAAAAAAAAAAAAAAAAAAAAAAAAAAAAAAAAAAAAAAAAAAAAAAAAAAAAAAAAMdajs9jLtgAAAAAAAAAAAABAAUAAAkgAAAAAAAAAAAAAAAAAAAABlJ1a3ppbwAQAAgAAM5l5/cAAAARAAgAAM9jErgAAAABACQAx1qNAMdaigDHWhcAGSPxABieNgAYmn0ABunRAAbp0AACYHUAAgBzTWFjaW50b3NoIEhEOlVzZXJzOgBwYXNjYWxrbmllcmltOgBEb2N1bWVudHM6AFN0dWRpdW06AE1hc3RlcmFyYmVpdDoAUGFwZXI6AEFydGljbGVzOgAyMDEzOgBSdWt6aW86ADIwMTMgUnVremlvLnBkZgAADgAgAA8AMgAwADEAMwAgAFIAdQBrAHoAaQBvAC4AcABkAGYADwAaAAwATQBhAGMAaQBuAHQAbwBzAGgAIABIAEQAEgBdVXNlcnMvcGFzY2Fsa25pZXJpbS9Eb2N1bWVudHMvU3R1ZGl1bS9NYXN0ZXJhcmJlaXQvUGFwZXIvQXJ0aWNsZXMvMjAxMy9SdWt6aW8vMjAxMyBSdWt6aW8ucGRmAAATAAEvAAAVAAIAFP//AACABtIbHB0eWiRjbGFzc25hbWVYJGNsYXNzZXNdTlNNdXRhYmxlRGF0YaMdHyBWTlNEYXRhWE5TT2JqZWN00hscIiNcTlNEaWN0aW9uYXJ5oiIgXxAPTlNLZXllZEFyY2hpdmVy0SYnVHJvb3SAAQAIABEAGgAjAC0AMgA3AEAARgBNAFUAYABnAGoAbABuAHEAcwB1AHcAhACOAL4AwwDLAtsC3QLiAu0C9gMEAwgDDwMYAx0DKgMtAz8DQgNHAAAAAAAAAgEAAAAAAAAAKAAAAAAAAAAAAAAAAAAAA0k=},
	Bdsk-Url-1 = {message:%3C009101ceb861$c452c3e0$4cf84ba0$@uni-ulm.de%3E}}

@article{Kopp:hu,
	Annote = {Hm, verr{\"u}cktes technisches Paper

SLED's sind besser als Laser, da sie eine breiteres spectrum haben. (5nm). Dardurch wird weniger speckle (<b>Lichtgranulation </b>k{\"o}rnigen Interferenzph{\"a}nomene) beim beleuchten unebender fl{\"a}chen erzeugt. 

Toller nebeneffekt. 

Contribution: Beamer bilder werden besser. 
SLED's sollten in portable focus free beamer eingesetzt werden. 

},
	Date-Added = {2013-09-30T14:42:08GMT},
	Date-Modified = {2014-03-25T09:26:45GMT},
	Doi = {10.1117/2.1201302.004686},
	File = {{Untitled-260.pdf:/Users/pascalknierim/Documents/Studium/Masterarbeit/Paper/Articles/Unknown/Unknown/Untitled-260.pdf:application/pdf}},
	Local-Url = {file://localhost/Users/pascalknierim/Documents/Studium/Masterarbeit/Paper/Articles/Unknown/Unknown/Untitled-260.pdf},
	Rating = {0},
	Read = {Yes},
	Title = {{Illumination {\&} Displays Superluminescent LED for focus-free handheld projection}},
	Uri = {\url{papers2://publication/doi/10.1117/2.1201302.004686}},
	Url = {http://spie.org/x92309.xml?pf=true&ArticleID=x92309},
	Bdsk-File-1 = {YnBsaXN0MDDUAQIDBAUGJCVYJHZlcnNpb25YJG9iamVjdHNZJGFyY2hpdmVyVCR0b3ASAAGGoKgHCBMUFRYaIVUkbnVsbNMJCgsMDxJXTlMua2V5c1pOUy5vYmplY3RzViRjbGFzc6INDoACgAOiEBGABIAFgAdccmVsYXRpdmVQYXRoWWFsaWFzRGF0YV8QMi4uL1BhcGVyL0FydGljbGVzL1Vua25vd24vVW5rbm93bi9VbnRpdGxlZC0yNjAucGRm0hcLGBlXTlMuZGF0YU8RAhgAAAAAAhgAAgAADE1hY2ludG9zaCBIRAAAAAAAAAAAAAAAAAAAAM5mBBdIKwAAAMdanhBVbnRpdGxlZC0yNjAucGRmAAAAAAAAAAAAAAAAAAAAAAAAAAAAAAAAAAAAAAAAAAAAAAAAAAAAAAAAAAAAAAAAx1qhz2Mu2QAAAAAAAAAAAAEABQAACSAAAAAAAAAAAAAAAAAAAAAHVW5rbm93bgAAEAAIAADOZef3AAAAEQAIAADPYxK5AAAAAQAkAMdangDHWpsAx1oXABkj8QAYnjYAGJp9AAbp0QAG6dAAAmB1AAIAeE1hY2ludG9zaCBIRDpVc2VyczoAcGFzY2Fsa25pZXJpbToARG9jdW1lbnRzOgBTdHVkaXVtOgBNYXN0ZXJhcmJlaXQ6AFBhcGVyOgBBcnRpY2xlczoAVW5rbm93bjoAVW5rbm93bjoAVW50aXRsZWQtMjYwLnBkZgAOACIAEABVAG4AdABpAHQAbABlAGQALQAyADYAMAAuAHAAZABmAA8AGgAMAE0AYQBjAGkAbgB0AG8AcwBoACAASABEABIAYlVzZXJzL3Bhc2NhbGtuaWVyaW0vRG9jdW1lbnRzL1N0dWRpdW0vTWFzdGVyYXJiZWl0L1BhcGVyL0FydGljbGVzL1Vua25vd24vVW5rbm93bi9VbnRpdGxlZC0yNjAucGRmABMAAS8AABUAAgAU//8AAIAG0hscHR5aJGNsYXNzbmFtZVgkY2xhc3Nlc11OU011dGFibGVEYXRhox0fIFZOU0RhdGFYTlNPYmplY3TSGxwiI1xOU0RpY3Rpb25hcnmiIiBfEA9OU0tleWVkQXJjaGl2ZXLRJidUcm9vdIABAAgAEQAaACMALQAyADcAQABGAE0AVQBgAGcAagBsAG4AcQBzAHUAdwCEAI4AwwDIANAC7ALuAvMC/gMHAxUDGQMgAykDLgM7Az4DUANTA1gAAAAAAAACAQAAAAAAAAAoAAAAAAAAAAAAAAAAAAADWg==},
	Bdsk-Url-1 = {http://spie.org/x92309.xml?pf=true&ArticleID=x92309},
	Bdsk-Url-2 = {http://dx.doi.org/10.1117/2.1201302.004686}}

@article{Hardy:2012ej,
	Annote = {First Paper wich focus on long term impackt of ubiquitous uis. here: interactive desk. 

Several technical ISSUES were described: 
dip of projector is low
-difficult to read long text 
-focus on information is preferd on Display
-Bright light of projection is unpleasant
- occlusions
- input is exausting prefered mouse and keyboard 

PROS:
- Phisical integration
- Management of notes/ideas
- (creative) placement of windows
- logical differentation
- document planing
- collaborativ interaction/ sharing ideas

CONS:
- technical issues s.o.
- no multi user
- restrictive singel input
- only output is beneficial

Conclusion:
extend layout capabilities
enhance windowmanager -{\&}gt; multi user
high res projection

IT IS:
- transitional vision
- displaced in time
- NOT a replacement for PC
},
	Author = {Hardy, John},
	Date-Added = {2013-10-01T12:11:26GMT},
	Date-Modified = {2014-04-29 16:22:38 +0000},
	Doi = {10.1145/2377783.2377795},
	Journal = {interactions},
	Month = nov,
	Number = {6},
	Pages = {56},
	Rating = {0},
	Read = {Yes},
	Title = {Reflections: A Year Spent with an Interactive Desk},
	Volume = {19},
	Year = {2012},
	Bdsk-File-1 = {YnBsaXN0MDDUAQIDBAUGJCVYJHZlcnNpb25YJG9iamVjdHNZJGFyY2hpdmVyVCR0b3ASAAGGoKgHCBMUFRYaIVUkbnVsbNMJCgsMDxJXTlMua2V5c1pOUy5vYmplY3RzViRjbGFzc6INDoACgAOiEBGABIAFgAdccmVsYXRpdmVQYXRoWWFsaWFzRGF0YV8QOC4uL1BhcGVyL0FydGljbGVzLzIwMTIvSGFyZHkvaW50ZXJhY3Rpb25zIDIwMTIgSGFyZHkucGRm0hcLGBlXTlMuZGF0YU8RAjgAAAAAAjgAAgAADE1hY2ludG9zaCBIRAAAAAAAAAAAAAAAAAAAAM5mBBdIKwAAAMdadxtpbnRlcmFjdGlvbnMgMjAxMiBIYXJkeS5wZGYAAAAAAAAAAAAAAAAAAAAAAAAAAAAAAAAAAAAAAAAAAAAAAAAAx1p5z2Mu1wAAAAAAAAAAAAEABQAACSAAAAAAAAAAAAAAAAAAAAAFSGFyZHkAABAACAAAzmXn9wAAABEACAAAz2MStwAAAAEAJADHWncAx1pwAMdaFwAZI/EAGJ42ABiafQAG6dEABunQAAJgdQACAH5NYWNpbnRvc2ggSEQ6VXNlcnM6AHBhc2NhbGtuaWVyaW06AERvY3VtZW50czoAU3R1ZGl1bToATWFzdGVyYXJiZWl0OgBQYXBlcjoAQXJ0aWNsZXM6ADIwMTI6AEhhcmR5OgBpbnRlcmFjdGlvbnMgMjAxMiBIYXJkeS5wZGYADgA4ABsAaQBuAHQAZQByAGEAYwB0AGkAbwBuAHMAIAAyADAAMQAyACAASABhAHIAZAB5AC4AcABkAGYADwAaAAwATQBhAGMAaQBuAHQAbwBzAGgAIABIAEQAEgBoVXNlcnMvcGFzY2Fsa25pZXJpbS9Eb2N1bWVudHMvU3R1ZGl1bS9NYXN0ZXJhcmJlaXQvUGFwZXIvQXJ0aWNsZXMvMjAxMi9IYXJkeS9pbnRlcmFjdGlvbnMgMjAxMiBIYXJkeS5wZGYAEwABLwAAFQACABT//wAAgAbSGxwdHlokY2xhc3NuYW1lWCRjbGFzc2VzXU5TTXV0YWJsZURhdGGjHR8gVk5TRGF0YVhOU09iamVjdNIbHCIjXE5TRGljdGlvbmFyeaIiIF8QD05TS2V5ZWRBcmNoaXZlctEmJ1Ryb290gAEACAARABoAIwAtADIANwBAAEYATQBVAGAAZwBqAGwAbgBxAHMAdQB3AIQAjgDJAM4A1gMSAxQDGQMkAy0DOwM/A0YDTwNUA2EDZAN2A3kDfgAAAAAAAAIBAAAAAAAAACgAAAAAAAAAAAAAAAAAAAOA},
	Bdsk-Url-1 = {http://dl.acm.org/citation.cfm?doid=2377783.2377795},
	Bdsk-Url-2 = {http://dx.doi.org/10.1145/2377783.2377795}}

@inproceedings{Xiao:2013dp,
	Acmid = {2466113},
	Address = {New York, NY, USA},
	Author = {Xiao, Robert and Harrison, Chris and Hudson, Scott E.},
	Booktitle = {Proceedings of the SIGCHI Conference on Human Factors in Computing Systems},
	Doi = {10.1145/2470654.2466113},
	Isbn = {978-1-4503-1899-0},
	Keywords = {augmented reality, depth sensing cameras, interactive spaces, sensors, smart rooms, surface computing, touch screens, ubiquitous computing},
	Location = {Paris, France},
	Numpages = {10},
	Pages = {879--888},
	Publisher = {ACM},
	Series = {CHI '13},
	Title = {WorldKit: Rapid and Easy Creation of Ad-hoc Interactive Applications on Everyday Surfaces},
	Year = {2013},
	Bdsk-Url-1 = {http://dx.doi.org/10.1145/2470654.2466113}}

@inproceedings{Hardy:2012jo,
	Address = {New York, New York, USA},
	Author = {Hardy, John and Alexander, Jason},
	Booktitle = {{Proceedings of the 11th International Conference on Mobile and Ubiquitous Multimedia}},
	Date-Added = {2013-10-01T12:11:55GMT},
	Date-Modified = {2014-04-29 16:20:35 +0000},
	Doi = {10.1145/2406367.2406419},
	Pages = {1},
	Publisher = {ACM},
	Rating = {0},
	Read = {Yes},
	Series = {MUM '12},
	Title = {{Toolkit Support for Interactive Projected Displays}},
	Year = {2012},
	Bdsk-File-1 = {YnBsaXN0MDDUAQIDBAUGJCVYJHZlcnNpb25YJG9iamVjdHNZJGFyY2hpdmVyVCR0b3ASAAGGoKgHCBMUFRYaIVUkbnVsbNMJCgsMDxJXTlMua2V5c1pOUy5vYmplY3RzViRjbGFzc6INDoACgAOiEBGABIAFgAdccmVsYXRpdmVQYXRoWWFsaWFzRGF0YV8QMy4uL1BhcGVyL0FydGljbGVzLzIwMTIvSGFyZHkvTVVNICcxMiAyMDEyIEhhcmR5LnBkZtIXCxgZV05TLmRhdGFPEQImAAAAAAImAAIAAAxNYWNpbnRvc2ggSEQAAAAAAAAAAAAAAAAAAADOZgQXSCsAAADHWncWTVVNICcxMiAyMDEyIEhhcmR5LnBkZgAAAAAAAAAAAAAAAAAAAAAAAAAAAAAAAAAAAAAAAAAAAAAAAAAAAAAAAMdaeM9jLtcAAAAAAAAAAAABAAUAAAkgAAAAAAAAAAAAAAAAAAAABUhhcmR5AAAQAAgAAM5l5/cAAAARAAgAAM9jErcAAAABACQAx1p3AMdacADHWhcAGSPxABieNgAYmn0ABunRAAbp0AACYHUAAgB5TWFjaW50b3NoIEhEOlVzZXJzOgBwYXNjYWxrbmllcmltOgBEb2N1bWVudHM6AFN0dWRpdW06AE1hc3RlcmFyYmVpdDoAUGFwZXI6AEFydGljbGVzOgAyMDEyOgBIYXJkeToATVVNICcxMiAyMDEyIEhhcmR5LnBkZgAADgAuABYATQBVAE0AIAAnADEAMgAgADIAMAAxADIAIABIAGEAcgBkAHkALgBwAGQAZgAPABoADABNAGEAYwBpAG4AdABvAHMAaAAgAEgARAASAGNVc2Vycy9wYXNjYWxrbmllcmltL0RvY3VtZW50cy9TdHVkaXVtL01hc3RlcmFyYmVpdC9QYXBlci9BcnRpY2xlcy8yMDEyL0hhcmR5L01VTSAnMTIgMjAxMiBIYXJkeS5wZGYAABMAAS8AABUAAgAU//8AAIAG0hscHR5aJGNsYXNzbmFtZVgkY2xhc3Nlc11OU011dGFibGVEYXRhox0fIFZOU0RhdGFYTlNPYmplY3TSGxwiI1xOU0RpY3Rpb25hcnmiIiBfEA9OU0tleWVkQXJjaGl2ZXLRJidUcm9vdIABAAgAEQAaACMALQAyADcAQABGAE0AVQBgAGcAagBsAG4AcQBzAHUAdwCEAI4AxADJANEC+wL9AwIDDQMWAyQDKAMvAzgDPQNKA00DXwNiA2cAAAAAAAACAQAAAAAAAAAoAAAAAAAAAAAAAAAAAAADaQ==},
	Bdsk-Url-1 = {http://dl.acm.org/citation.cfm?doid=2406367.2406419},
	Bdsk-Url-2 = {http://dx.doi.org/10.1145/2406367.2406419}}

@article{LegardaSaenz:2004hn,
	Abstract = {1.
},
	Author = {Legarda-S\'{a}enz, Ricardo and Bothe, Thorsten and J{\"u}ptner, Werner P.},
	Date-Added = {2014-04-14T19:28:03GMT},
	Date-Modified = {2014-05-01 16:41:20 +0000},
	Doi = {10.1117/1.1635373},
	Journal = {Optical Engineering},
	Month = feb,
	Number = {2},
	Pages = {464--471},
	Publisher = {International Society for Optics and Photonics},
	Rating = {0},
	Read = {Yes},
	Title = {Accurate procedure for the calibration of a structured light system},
	Volume = {43},
	Year = {2004},
	Bdsk-Url-1 = {http://opticalengineering.spiedigitallibrary.org/article.aspx?doi=10.1117/1.1635373},
	Bdsk-Url-2 = {http://dx.doi.org/10.1117/1.1635373}}

@inproceedings{Benko:2012dz,
	Abstract = {Instrumented with a single depth camera, a stereoscopic projector, and a curved screen, MirageTable is an interactive system designed to merge real and virtual worlds into a single spatially registered experience on top of a table. Our depth camera},
	Annote = {Focus on novel prototype which combines several expired concept to one interactive spacia Ar system. Enableing virtual 3d interaction with real ind virtual objects. 

},
	Author = {Benko, Hrvoje and Jota, Ricardo and Wilson, Andrew},
	Booktitle = {CHI '12: Proceedings of the SIGCHI Conference on Human Factors in Computing Systems},
	Date-Added = {2013-10-03T10:49:37GMT},
	Date-Modified = {2014-03-13T12:33:43GMT},
	Doi = {10.1145/2207676.2207704},
	File = {{2012 Benko.pdf:/Users/pascalknierim/Documents/Studium/Masterarbeit/Paper/Articles/2012/Benko/2012 Benko.pdf:application/pdf}},
	Local-Url = {file://localhost/Users/pascalknierim/Documents/Studium/Masterarbeit/Paper/Articles/2012/Benko/2012%20Benko.pdf},
	Month = may,
	Publisher = {ACM Request Permissions},
	Rating = {0},
	Read = {Yes},
	Title = {{MirageTable: freehand interaction on a projected augmented reality tabletop}},
	Uri = {\url{papers2://publication/doi/10.1145/2207676.2207704}},
	Url = {http://dl.acm.org/citation.cfm?id=2207704},
	Year = {2012},
	Bdsk-File-1 = {YnBsaXN0MDDUAQIDBAUGJCVYJHZlcnNpb25YJG9iamVjdHNZJGFyY2hpdmVyVCR0b3ASAAGGoKgHCBMUFRYaIVUkbnVsbNMJCgsMDxJXTlMua2V5c1pOUy5vYmplY3RzViRjbGFzc6INDoACgAOiEBGABIAFgAdccmVsYXRpdmVQYXRoWWFsaWFzRGF0YV8QKy4uL1BhcGVyL0FydGljbGVzLzIwMTIvQmVua28vMjAxMiBCZW5rby5wZGbSFwsYGVdOUy5kYXRhTxECBgAAAAACBgACAAAMTWFjaW50b3NoIEhEAAAAAAAAAAAAAAAAAAAAzmYEF0grAAAAx1pxDjIwMTIgQmVua28ucGRmAAAAAAAAAAAAAAAAAAAAAAAAAAAAAAAAAAAAAAAAAAAAAAAAAAAAAAAAAAAAAAAAAADHWnLPYy7XAAAAAAAAAAAAAQAFAAAJIAAAAAAAAAAAAAAAAAAAAAVCZW5rbwAAEAAIAADOZef3AAAAEQAIAADPYxK3AAAAAQAkAMdacQDHWnAAx1oXABkj8QAYnjYAGJp9AAbp0QAG6dAAAmB1AAIAcU1hY2ludG9zaCBIRDpVc2VyczoAcGFzY2Fsa25pZXJpbToARG9jdW1lbnRzOgBTdHVkaXVtOgBNYXN0ZXJhcmJlaXQ6AFBhcGVyOgBBcnRpY2xlczoAMjAxMjoAQmVua286ADIwMTIgQmVua28ucGRmAAAOAB4ADgAyADAAMQAyACAAQgBlAG4AawBvAC4AcABkAGYADwAaAAwATQBhAGMAaQBuAHQAbwBzAGgAIABIAEQAEgBbVXNlcnMvcGFzY2Fsa25pZXJpbS9Eb2N1bWVudHMvU3R1ZGl1bS9NYXN0ZXJhcmJlaXQvUGFwZXIvQXJ0aWNsZXMvMjAxMi9CZW5rby8yMDEyIEJlbmtvLnBkZgAAEwABLwAAFQACABT//wAAgAbSGxwdHlokY2xhc3NuYW1lWCRjbGFzc2VzXU5TTXV0YWJsZURhdGGjHR8gVk5TRGF0YVhOU09iamVjdNIbHCIjXE5TRGljdGlvbmFyeaIiIF8QD05TS2V5ZWRBcmNoaXZlctEmJ1Ryb290gAEACAARABoAIwAtADIANwBAAEYATQBVAGAAZwBqAGwAbgBxAHMAdQB3AIQAjgC8AMEAyQLTAtUC2gLlAu4C/AMAAwcDEAMVAyIDJQM3AzoDPwAAAAAAAAIBAAAAAAAAACgAAAAAAAAAAAAAAAAAAANB},
	Bdsk-Url-1 = {http://dl.acm.org/citation.cfm?id=2207704},
	Bdsk-Url-2 = {http://dx.doi.org/10.1145/2207676.2207704}}

@article{Khoshelham:2012jl,
	Annote = {Quality of Kinect - Full quality report 

It can sense depth within a range of 50cm to 500cm with a relative error of approximately 0.5%},
	Author = {Khoshelham, Kourosh and Elberink, Sander Oude},
	Date-Added = {2013-10-14T09:58:40GMT},
	Date-Modified = {2014-04-22T13:35:04GMT},
	Doi = {10.3390/s120201437},
	File = {{Sensors 2012 Khoshelham.pdf:/Users/pascalknierim/Documents/Studium/Masterarbeit/Paper/Articles/2012/Khoshelham/Sensors 2012 Khoshelham.pdf:application/pdf}},
	Journal = {Sensors},
	Local-Url = {file://localhost/Users/pascalknierim/Documents/Studium/Masterarbeit/Paper/Articles/2012/Khoshelham/Sensors%202012%20Khoshelham.pdf},
	Month = dec,
	Number = {12},
	Pages = {1437--1454},
	Rating = {0},
	Title = {{Accuracy and Resolution of Kinect Depth Data for Indoor Mapping Applications}},
	Uri = {\url{papers2://publication/doi/10.3390/s120201437}},
	Url = {http://www.mdpi.com/1424-8220/12/2/1437/},
	Volume = {12},
	Year = {2012},
	Bdsk-File-1 = {YnBsaXN0MDDUAQIDBAUGJCVYJHZlcnNpb25YJG9iamVjdHNZJGFyY2hpdmVyVCR0b3ASAAGGoKgHCBMUFRYaIVUkbnVsbNMJCgsMDxJXTlMua2V5c1pOUy5vYmplY3RzViRjbGFzc6INDoACgAOiEBGABIAFgAdccmVsYXRpdmVQYXRoWWFsaWFzRGF0YV8QPS4uL1BhcGVyL0FydGljbGVzLzIwMTIvS2hvc2hlbGhhbS9TZW5zb3JzIDIwMTIgS2hvc2hlbGhhbS5wZGbSFwsYGVdOUy5kYXRhTxECSAAAAAACSAACAAAMTWFjaW50b3NoIEhEAAAAAAAAAAAAAAAAAAAAzmYEF0grAAAAx1p6G1NlbnNvcnMgMjAxMiBLaG9zaGVsaGFtLnBkZgAAAAAAAAAAAAAAAAAAAAAAAAAAAAAAAAAAAAAAAAAAAAAAAADHWnvPYy7XAAAAAAAAAAAAAQAFAAAJIAAAAAAAAAAAAAAAAAAAAApLaG9zaGVsaGFtABAACAAAzmXn9wAAABEACAAAz2MStwAAAAEAJADHWnoAx1pwAMdaFwAZI/EAGJ42ABiafQAG6dEABunQAAJgdQACAINNYWNpbnRvc2ggSEQ6VXNlcnM6AHBhc2NhbGtuaWVyaW06AERvY3VtZW50czoAU3R1ZGl1bToATWFzdGVyYXJiZWl0OgBQYXBlcjoAQXJ0aWNsZXM6ADIwMTI6AEtob3NoZWxoYW06AFNlbnNvcnMgMjAxMiBLaG9zaGVsaGFtLnBkZgAADgA4ABsAUwBlAG4AcwBvAHIAcwAgADIAMAAxADIAIABLAGgAbwBzAGgAZQBsAGgAYQBtAC4AcABkAGYADwAaAAwATQBhAGMAaQBuAHQAbwBzAGgAIABIAEQAEgBtVXNlcnMvcGFzY2Fsa25pZXJpbS9Eb2N1bWVudHMvU3R1ZGl1bS9NYXN0ZXJhcmJlaXQvUGFwZXIvQXJ0aWNsZXMvMjAxMi9LaG9zaGVsaGFtL1NlbnNvcnMgMjAxMiBLaG9zaGVsaGFtLnBkZgAAEwABLwAAFQACABT//wAAgAbSGxwdHlokY2xhc3NuYW1lWCRjbGFzc2VzXU5TTXV0YWJsZURhdGGjHR8gVk5TRGF0YVhOU09iamVjdNIbHCIjXE5TRGljdGlvbmFyeaIiIF8QD05TS2V5ZWRBcmNoaXZlctEmJ1Ryb290gAEACAARABoAIwAtADIANwBAAEYATQBVAGAAZwBqAGwAbgBxAHMAdQB3AIQAjgDOANMA2wMnAykDLgM5A0IDUANUA1sDZANpA3YDeQOLA44DkwAAAAAAAAIBAAAAAAAAACgAAAAAAAAAAAAAAAAAAAOV},
	Bdsk-Url-1 = {http://www.mdpi.com/1424-8220/12/2/1437/},
	Bdsk-Url-2 = {http://dx.doi.org/10.3390/s120201437}}

@inproceedings{Cao:2007eu,
	Abstract = {Page 1. Multi-User Interaction using Handheld Projectors Xiang Cao1, Clifton Forlines2,1, Ravin Balakrishnan1, 1Department of Computer Science University of Toronto www.dgp.toronto.edu caox | ravin @dgp.toronto.edu 2Mitsubishi ... 
},
	Address = {New York, New York, USA},
	Annote = {Main Focus Multiuser Interaction (will focus on techniques to support interactions that involve multiple users.)

Multiuser interaction du to multiple handheld projectors.

Use tracking for a large virtual space, Pointer in middle of projection. (Flashlight Metaaphor)

SAME: ILamps 

Aims:
	-Simple file exchange without cumbersome and explicit authentication
	- Novel interaction paradigm

Krasse Annahme: ubiquitous spatial tracking ;D

Use cases:
	- File Exchange: Ownership passing or Portal
	- Compositing Projections: Expanded Display, Composing Views like images (semantic) or calendar(collaborative)
	- Different information granularities: maps
	- Object linking via 'snapping': 2 locations snap to directions 
	- Object linking via 'docking': Actively done by both users to prevent unauthorized actions: 
	- Snapshots for later reference; only from public resources 
	- Spatial relation; private content becomes blurred if 2ed user comes closer. and prevention of shining into users eyes.
	- independent work: facilitate a fence for private work-{\&}gt; grep all objects and reorder it in fenced area.
	- user pen to make notes and annotations; drop them in the portal

Userstudy with 4 users ?! ^^
	 see highlighting  },
	Author = {Cao, Xiang and Forlines, Clifton and Balakrishnan, Ravin},
	Booktitle = {the 20th annual ACM symposium},
	Date-Added = {2013-10-03T10:53:32GMT},
	Date-Modified = {2014-03-28T09:30:24GMT},
	Doi = {10.1145/1294211.1294220},
	File = {{UIST '07 2007 Cao.pdf:/Users/pascalknierim/Documents/Studium/Masterarbeit/Paper/Articles/2007/Cao/UIST '07 2007 Cao.pdf:application/pdf;UIST '07 2007 Cao.pdf:/Users/pascalknierim/Documents/Studium/Masterarbeit/Paper/Articles/2007/Cao/UIST '07 2007 Cao.pdf:application/pdf}},
	Isbn = {9781595936792},
	Local-Url = {file://localhost/Users/pascalknierim/Documents/Studium/Masterarbeit/Paper/Articles/2007/Cao/UIST%20'07%202007%20Cao.pdf},
	Pages = {43--52},
	Publisher = {ACM Press},
	Rating = {0},
	Read = {Yes},
	Title = {{Multi-user interaction using handheld projectors}},
	Uri = {\url{papers2://publication/doi/10.1145/1294211.1294220}},
	Url = {http://portal.acm.org/citation.cfm?doid=1294211.1294220},
	Year = {2007},
	Bdsk-File-1 = {YnBsaXN0MDDUAQIDBAUGJCVYJHZlcnNpb25YJG9iamVjdHNZJGFyY2hpdmVyVCR0b3ASAAGGoKgHCBMUFRYaIVUkbnVsbNMJCgsMDxJXTlMua2V5c1pOUy5vYmplY3RzViRjbGFzc6INDoACgAOiEBGABIAFgAdccmVsYXRpdmVQYXRoWWFsaWFzRGF0YV8QMC4uL1BhcGVyL0FydGljbGVzLzIwMDcvQ2FvL1VJU1QgJzA3IDIwMDcgQ2FvLnBkZtIXCxgZV05TLmRhdGFPEQIaAAAAAAIaAAIAAAxNYWNpbnRvc2ggSEQAAAAAAAAAAAAAAAAAAADOZgQXSCsAAADHWjwVVUlTVCAnMDcgMjAwNyBDYW8ucGRmAAAAAAAAAAAAAAAAAAAAAAAAAAAAAAAAAAAAAAAAAAAAAAAAAAAAAAAAAMdaP89jLtYAAAAAAAAAAAABAAUAAAkgAAAAAAAAAAAAAAAAAAAAA0NhbwAAEAAIAADOZef3AAAAEQAIAADPYxK2AAAAAQAkAMdaPADHWjsAx1oXABkj8QAYnjYAGJp9AAbp0QAG6dAAAmB1AAIAdk1hY2ludG9zaCBIRDpVc2VyczoAcGFzY2Fsa25pZXJpbToARG9jdW1lbnRzOgBTdHVkaXVtOgBNYXN0ZXJhcmJlaXQ6AFBhcGVyOgBBcnRpY2xlczoAMjAwNzoAQ2FvOgBVSVNUICcwNyAyMDA3IENhby5wZGYADgAsABUAVQBJAFMAVAAgACcAMAA3ACAAMgAwADAANwAgAEMAYQBvAC4AcABkAGYADwAaAAwATQBhAGMAaQBuAHQAbwBzAGgAIABIAEQAEgBgVXNlcnMvcGFzY2Fsa25pZXJpbS9Eb2N1bWVudHMvU3R1ZGl1bS9NYXN0ZXJhcmJlaXQvUGFwZXIvQXJ0aWNsZXMvMjAwNy9DYW8vVUlTVCAnMDcgMjAwNyBDYW8ucGRmABMAAS8AABUAAgAU//8AAIAG0hscHR5aJGNsYXNzbmFtZVgkY2xhc3Nlc11OU011dGFibGVEYXRhox0fIFZOU0RhdGFYTlNPYmplY3TSGxwiI1xOU0RpY3Rpb25hcnmiIiBfEA9OU0tleWVkQXJjaGl2ZXLRJidUcm9vdIABAAgAEQAaACMALQAyADcAQABGAE0AVQBgAGcAagBsAG4AcQBzAHUAdwCEAI4AwQDGAM4C7ALuAvMC/gMHAxUDGQMgAykDLgM7Az4DUANTA1gAAAAAAAACAQAAAAAAAAAoAAAAAAAAAAAAAAAAAAADWg==},
	Bdsk-Url-1 = {http://portal.acm.org/citation.cfm?doid=1294211.1294220},
	Bdsk-Url-2 = {http://dx.doi.org/10.1145/1294211.1294220}}

@article{Yang:2001uq,
	Annote = {from: The everywhere displays projector: A device to create ubiquitous graphical interfaces
},
	Author = {Yang, Ruigang and Welch, Greg},
	Date-Added = {2013-10-14T10:08:58GMT},
	Date-Modified = {2014-04-25T13:04:31GMT},
	File = {{2001 Yang.pdf:/Users/pascalknierim/Documents/Studium/Masterarbeit/Paper/Articles/2001/Yang/2001 Yang.pdf:application/pdf}},
	Local-Url = {file://localhost/Users/pascalknierim/Documents/Studium/Masterarbeit/Paper/Articles/2001/Yang/2001%20Yang.pdf},
	Rating = {0},
	Read = {Yes},
	Title = {{Automatic projector display surface estimation using every-day imagery}},
	Uri = {\url{papers2://publication/uuid/95F5D0DF-1FB6-413D-9470-011EBB632F67}},
	Url = {http://www.cs.unc.edu/techreports/00-015.pdf},
	Volume = {2001},
	Year = {2001},
	Bdsk-File-1 = {YnBsaXN0MDDUAQIDBAUGJCVYJHZlcnNpb25YJG9iamVjdHNZJGFyY2hpdmVyVCR0b3ASAAGGoKgHCBMUFRYaIVUkbnVsbNMJCgsMDxJXTlMua2V5c1pOUy5vYmplY3RzViRjbGFzc6INDoACgAOiEBGABIAFgAdccmVsYXRpdmVQYXRoWWFsaWFzRGF0YV8QKS4uL1BhcGVyL0FydGljbGVzLzIwMDEvWWFuZy8yMDAxIFlhbmcucGRm0hcLGBlXTlMuZGF0YU8RAf4AAAAAAf4AAgAADE1hY2ludG9zaCBIRAAAAAAAAAAAAAAAAAAAAM5mBBdIKwAAAMdaMA0yMDAxIFlhbmcucGRmAAAAAAAAAAAAAAAAAAAAAAAAAAAAAAAAAAAAAAAAAAAAAAAAAAAAAAAAAAAAAAAAAAAAx1oxz2Mu1QAAAAAAAAAAAAEABQAACSAAAAAAAAAAAAAAAAAAAAAEWWFuZwAQAAgAAM5l5/cAAAARAAgAAM9jErUAAAABACQAx1owAMdaKQDHWhcAGSPxABieNgAYmn0ABunRAAbp0AACYHUAAgBvTWFjaW50b3NoIEhEOlVzZXJzOgBwYXNjYWxrbmllcmltOgBEb2N1bWVudHM6AFN0dWRpdW06AE1hc3RlcmFyYmVpdDoAUGFwZXI6AEFydGljbGVzOgAyMDAxOgBZYW5nOgAyMDAxIFlhbmcucGRmAAAOABwADQAyADAAMAAxACAAWQBhAG4AZwAuAHAAZABmAA8AGgAMAE0AYQBjAGkAbgB0AG8AcwBoACAASABEABIAWVVzZXJzL3Bhc2NhbGtuaWVyaW0vRG9jdW1lbnRzL1N0dWRpdW0vTWFzdGVyYXJiZWl0L1BhcGVyL0FydGljbGVzLzIwMDEvWWFuZy8yMDAxIFlhbmcucGRmAAATAAEvAAAVAAIAFP//AACABtIbHB0eWiRjbGFzc25hbWVYJGNsYXNzZXNdTlNNdXRhYmxlRGF0YaMdHyBWTlNEYXRhWE5TT2JqZWN00hscIiNcTlNEaWN0aW9uYXJ5oiIgXxAPTlNLZXllZEFyY2hpdmVy0SYnVHJvb3SAAQAIABEAGgAjAC0AMgA3AEAARgBNAFUAYABnAGoAbABuAHEAcwB1AHcAhACOALoAvwDHAskCywLQAtsC5ALyAvYC/QMGAwsDGAMbAy0DMAM1AAAAAAAAAgEAAAAAAAAAKAAAAAAAAAAAAAAAAAAAAzc=},
	Bdsk-Url-1 = {http://www.cs.unc.edu/techreports/00-015.pdf}}

@inproceedings{Audet:2009ee,
	Abstract = {Projector-camera systems drive applications in many fields such as measurement and spatial augmented reality. When needed, we can find their internal and external parameters via geometric calibration. For this process, we have to use both a printed pattern and a projector pattern, but they can easily interfere with each other. Current methods compensate by decoupling their calibrations or by leveraging structured light and color channels, but the required manipulations are not user-friendly. Therefore, we cannot expect normal users to execute the procedure, which can also become a burden for researchers. Although not always required, knowledge of the geometric parameters can often facilitate development of new systems. To make the calibration process easier, we propose a method that uses fiducial markers, from which we can easily derive a prewarp that, once applied to the projector calibration pattern, prevents its interference. Using our method, we confirmed that users can easily calibrate a projector-camera system in less than one minute, which we consider to be user-friendly, while still achieving typical subpixel accuracy. View full abstract},
	Author = {Audet, S and Okutomi, M},
	Booktitle = {Computer Vision and Pattern Recognition Workshops, 2009. CVPR Workshops 2009. IEEE Computer Society Conference on},
	Date-Added = {2013-12-08T14:47:59GMT},
	Date-Modified = {2014-04-29 15:40:11 +0000},
	Doi = {10.1109/CVPRW.2009.5204319},
	File = {{2009 Audet-1.pdf:/Users/pascalknierim/Documents/Studium/Masterarbeit/Paper/Articles/2009/Audet/2009 Audet-1.pdf:application/pdf}},
	Pages = {47--54},
	Rating = {0},
	Read = {Yes},
	Title = {{A user-friendly method to geometrically calibrate projector-camera systems}},
	Year = {2009},
	Bdsk-File-1 = {YnBsaXN0MDDUAQIDBAUGJCVYJHZlcnNpb25YJG9iamVjdHNZJGFyY2hpdmVyVCR0b3ASAAGGoKgHCBMUFRYaIVUkbnVsbNMJCgsMDxJXTlMua2V5c1pOUy5vYmplY3RzViRjbGFzc6INDoACgAOiEBGABIAFgAdccmVsYXRpdmVQYXRoWWFsaWFzRGF0YV8QLS4uL1BhcGVyL0FydGljbGVzLzIwMDkvQXVkZXQvMjAwOSBBdWRldC0xLnBkZtIXCxgZV05TLmRhdGFPEQIOAAAAAAIOAAIAAAxNYWNpbnRvc2ggSEQAAAAAAAAAAAAAAAAAAADOZgQXSCsAAADHWkMQMjAwOSBBdWRldC0xLnBkZgAAAAAAAAAAAAAAAAAAAAAAAAAAAAAAAAAAAAAAAAAAAAAAAAAAAAAAAAAAAAAAAMdaRM9jLtYAAAAAAAAAAAABAAUAAAkgAAAAAAAAAAAAAAAAAAAABUF1ZGV0AAAQAAgAAM5l5/cAAAARAAgAAM9jErYAAAABACQAx1pDAMdaQgDHWhcAGSPxABieNgAYmn0ABunRAAbp0AACYHUAAgBzTWFjaW50b3NoIEhEOlVzZXJzOgBwYXNjYWxrbmllcmltOgBEb2N1bWVudHM6AFN0dWRpdW06AE1hc3RlcmFyYmVpdDoAUGFwZXI6AEFydGljbGVzOgAyMDA5OgBBdWRldDoAMjAwOSBBdWRldC0xLnBkZgAADgAiABAAMgAwADAAOQAgAEEAdQBkAGUAdAAtADEALgBwAGQAZgAPABoADABNAGEAYwBpAG4AdABvAHMAaAAgAEgARAASAF1Vc2Vycy9wYXNjYWxrbmllcmltL0RvY3VtZW50cy9TdHVkaXVtL01hc3RlcmFyYmVpdC9QYXBlci9BcnRpY2xlcy8yMDA5L0F1ZGV0LzIwMDkgQXVkZXQtMS5wZGYAABMAAS8AABUAAgAU//8AAIAG0hscHR5aJGNsYXNzbmFtZVgkY2xhc3Nlc11OU011dGFibGVEYXRhox0fIFZOU0RhdGFYTlNPYmplY3TSGxwiI1xOU0RpY3Rpb25hcnmiIiBfEA9OU0tleWVkQXJjaGl2ZXLRJidUcm9vdIABAAgAEQAaACMALQAyADcAQABGAE0AVQBgAGcAagBsAG4AcQBzAHUAdwCEAI4AvgDDAMsC3QLfAuQC7wL4AwYDCgMRAxoDHwMsAy8DQQNEA0kAAAAAAAACAQAAAAAAAAAoAAAAAAAAAAAAAAAAAAADSw==},
	Bdsk-Url-1 = {http://ieeexplore.ieee.org/xpl/articleDetails.jsp?tp=&arnumber=5204319&matchBoolean%3Dtrue%26rowsPerPage%3D30%26searchField%3DSearch_All%26queryText%3D%28p_Title%3A%22A+User-Friendly+Method+to+Geometrically+Calibrate+Projector-Camera+Systems%22%29},
	Bdsk-Url-2 = {http://dx.doi.org/10.1109/CVPRW.2009.5204319}}

@inproceedings{Biswas:2012ij,
	Abstract = {There has been considerable interest recently in building 3D maps of environments using inexpensive depth cameras like the Microsoft Kinect sensor. We exploit the fact that typical indoor scenes have an abundance of planar features by modeling environments as sets of plane polygons. To this end, we build upon the Fast Sampling Plane Filtering (FSPF) algorithm that extracts points belonging to local neighborhoods of planes from depth images, even in the presence of clutter. We introduce an algorithm that uses the FSPF-generated plane filtered point clouds to generate convex polygons from individual observed depth images. We then contribute an approach of merging these detected polygons across successive frames while accounting for a complete history of observed plane filtered points without explicitly maintaining a list of all observed points. The FSPF and polygon merging algorithms run in real time at full camera frame rates with low CPU requirements: in a real world indoor environment scene, the FSPF and polygon merging algorithms take 2.5 ms on average to process a single 640 × 480 depth image. We provide experimental results demonstrating the computational efficiency of the algorithm and the accuracy of the detected plane polygons by comparing with ground truth. View full abstract},
	Author = {Biswas, J and Veloso, M},
	Booktitle = {Intelligent Robots and Systems (IROS), 2012 IEEE/RSJ International Conference on},
	Date-Added = {2014-01-13T14:27:25GMT},
	Date-Modified = {2014-03-13T14:07:22GMT},
	Doi = {10.1109/IROS.2012.6385841},
	File = {{2012 Biswas.pdf:/Users/pascalknierim/Documents/Studium/Masterarbeit/Paper/Articles/2012/Biswas/2012 Biswas.pdf:application/pdf}},
	Local-Url = {file://localhost/Users/pascalknierim/Documents/Studium/Masterarbeit/Paper/Articles/2012/Biswas/2012%20Biswas.pdf},
	Pages = {3859--3864},
	Rating = {0},
	Read = {Yes},
	Title = {{Planar polygon extraction and merging from depth images}},
	Uri = {\url{papers2://publication/doi/10.1109/IROS.2012.6385841}},
	Url = {http://ieeexplore.ieee.org/xpl/articleDetails.jsp?tp=&arnumber=6385841&matchBoolean%3Dtrue%26rowsPerPage%3D30%26searchField%3DSearch_All%26queryText%3D%28p_Title%3A%22Planar+Polygon+Extraction+and+Merging+from+Depth+Images%22%29},
	Year = {2012},
	Bdsk-File-1 = {YnBsaXN0MDDUAQIDBAUGJCVYJHZlcnNpb25YJG9iamVjdHNZJGFyY2hpdmVyVCR0b3ASAAGGoKgHCBMUFRYaIVUkbnVsbNMJCgsMDxJXTlMua2V5c1pOUy5vYmplY3RzViRjbGFzc6INDoACgAOiEBGABIAFgAdccmVsYXRpdmVQYXRoWWFsaWFzRGF0YV8QLS4uL1BhcGVyL0FydGljbGVzLzIwMTIvQmlzd2FzLzIwMTIgQmlzd2FzLnBkZtIXCxgZV05TLmRhdGFPEQIMAAAAAAIMAAIAAAxNYWNpbnRvc2ggSEQAAAAAAAAAAAAAAAAAAADOZgQXSCsAAADHWnMPMjAxMiBCaXN3YXMucGRmAAAAAAAAAAAAAAAAAAAAAAAAAAAAAAAAAAAAAAAAAAAAAAAAAAAAAAAAAAAAAAAAAMdadM9jLtcAAAAAAAAAAAABAAUAAAkgAAAAAAAAAAAAAAAAAAAABkJpc3dhcwAQAAgAAM5l5/cAAAARAAgAAM9jErcAAAABACQAx1pzAMdacADHWhcAGSPxABieNgAYmn0ABunRAAbp0AACYHUAAgBzTWFjaW50b3NoIEhEOlVzZXJzOgBwYXNjYWxrbmllcmltOgBEb2N1bWVudHM6AFN0dWRpdW06AE1hc3RlcmFyYmVpdDoAUGFwZXI6AEFydGljbGVzOgAyMDEyOgBCaXN3YXM6ADIwMTIgQmlzd2FzLnBkZgAADgAgAA8AMgAwADEAMgAgAEIAaQBzAHcAYQBzAC4AcABkAGYADwAaAAwATQBhAGMAaQBuAHQAbwBzAGgAIABIAEQAEgBdVXNlcnMvcGFzY2Fsa25pZXJpbS9Eb2N1bWVudHMvU3R1ZGl1bS9NYXN0ZXJhcmJlaXQvUGFwZXIvQXJ0aWNsZXMvMjAxMi9CaXN3YXMvMjAxMiBCaXN3YXMucGRmAAATAAEvAAAVAAIAFP//AACABtIbHB0eWiRjbGFzc25hbWVYJGNsYXNzZXNdTlNNdXRhYmxlRGF0YaMdHyBWTlNEYXRhWE5TT2JqZWN00hscIiNcTlNEaWN0aW9uYXJ5oiIgXxAPTlNLZXllZEFyY2hpdmVy0SYnVHJvb3SAAQAIABEAGgAjAC0AMgA3AEAARgBNAFUAYABnAGoAbABuAHEAcwB1AHcAhACOAL4AwwDLAtsC3QLiAu0C9gMEAwgDDwMYAx0DKgMtAz8DQgNHAAAAAAAAAgEAAAAAAAAAKAAAAAAAAAAAAAAAAAAAA0k=},
	Bdsk-Url-1 = {http://ieeexplore.ieee.org/xpl/articleDetails.jsp?tp=&arnumber=6385841&matchBoolean%3Dtrue%26rowsPerPage%3D30%26searchField%3DSearch_All%26queryText%3D%28p_Title%3A%22Planar+Polygon+Extraction+and+Merging+from+Depth+Images%22%29},
	Bdsk-Url-2 = {http://dx.doi.org/10.1109/IROS.2012.6385841}}

@article{Yoo:2013he,
	Author = {Hyun Woo Yoo and Woo Hyun Kim and Jeong Woo Park and Won Hyong Lee and Myung Jin Chung},
	Booktitle = {Robotics (ISR), 2013 44th International Symposium on},
	Doi = {10.1109/ISR.2013.6695732},
	Keywords = {image classification;image sensors;real-time systems;3D Hough transform;3D point cloud data classification;RANSAC;depth camera Kinect;depth map;local normal vectors;multiple planes detection;real time plane detection;Cameras;MATLAB;Programmable logic arrays;Radio access networks;Robot vision systems;Vectors;Depth Map;Kinect;Plane Detection;Real-Time},
	Month = {Oct},
	Pages = {1-4},
	Title = {Real-time plane detection based on depth map from Kinect},
	Year = {2013},
	Bdsk-Url-1 = {http://dx.doi.org/10.1109/ISR.2013.6695732}}

@article{Li:2008kr,
	Author = {Li, Zhongwei and Shi, Yusheng and Wang, Congjun and Wang, Yuanyuan},
	Date-Modified = {2014-04-29 16:36:20 +0000},
	Journal = {Optical Engineering},
	Number = {5},
	Publisher = {International Society for Optics and Photonics},
	Title = {Accurate calibration method for a structured light system},
	Volume = {47},
	Year = {2008}}

@online{Molnar:uz,
	Abstract = {The Microsoft Kinect sensor, a popular gaming console, is widely used in a large number of applications, including close-range 3D measurements. This low-end device is rather inexpensive compared to similar active imaging systems. The Kinect sensors include an RGB camera, an IR projector, an IR camera and an audio unit. The human morphologic measurements require high accuracy with fast data acquisition rate. To achieve the highest accuracy, the depth sensor and the RGB camera should be calibrated and co- registered to achieve high-quality 3D point cloud as well as optical imagery. Since this is a low-end sensor, developed for different purpose, the accuracy could be critical for 3D measurement-based applications. Therefore, two types of accuracy test are performed: (1) for describing the absolute accuracy, the ranging accuracy of the device in the range of 0.4 to 15 m should be estimated, and (2) the relative accuracy of points depending on the range should be characterized. For the accuracy investigation, a test field was created with two spheres, while the relative accuracy is described by sphere fitting performance and the distance estimation between the sphere center points. Some other factors can be also considered, such as the angle of incidence or the material used in these tests. The non-ambiguity range of the sensor is from 0.3 to 4 m, but, based on our experiences, it can be extended up to 20m. Obviously, this methodology raises some accuracy issues which make accuracy testing really important.},
	Author = {Moln{\'a}r, B and Toth, C K and Detrek{\"o}i, A},
	Date-Added = {2013-10-17T14:18:27GMT},
	Date-Modified = {2014-04-29 15:29:33 +0000},
	File = {{Moln{\'a}r.pdf:/Users/pascalknierim/Documents/Studium/Masterarbeit/Paper/Articles/Unknown/Moln{\'a}r/Moln{\'a}r.pdf:application/pdf}},
	Local-Url = {file://localhost/Users/pascalknierim/Documents/Studium/Masterarbeit/Paper/Articles/Unknown/Moln%C3%A1r/Moln%C3%A1r.pdf},
	Rating = {0},
	Read = {Yes},
	Title = {{ACCURACY TEST OF MICROSOFT KINECT FOR HUMAN MORPHOLOGIC MEASUREMENTS}},
	Uri = {\url{papers2://publication/uuid/457910B1-09F2-40CD-A8DD-1BEC2AA91681}},
	Urldate = {2014-15-03},
	Bdsk-File-1 = {YnBsaXN0MDDUAQIDBAUGJCVYJHZlcnNpb25YJG9iamVjdHNZJGFyY2hpdmVyVCR0b3ASAAGGoKgHCBMUFRYaIVUkbnVsbNMJCgsMDxJXTlMua2V5c1pOUy5vYmplY3RzViRjbGFzc6INDoACgAOiEBGABIAFgAdccmVsYXRpdmVQYXRoWWFsaWFzRGF0YW8QLQAuAC4ALwBQAGEAcABlAHIALwBBAHIAdABpAGMAbABlAHMALwBVAG4AawBuAG8AdwBuAC8ATQBvAGwAbgBhAwEAcgAvAE0AbwBsAG4AYQMBAHIALgBwAGQAZtIXCxgZV05TLmRhdGFPEQIEAAAAAAIEAAIAAAxNYWNpbnRvc2ggSEQAAAAAAAAAAAAAAAAAAADOZgQXSCsAAADHWpwKTW9sbodyLnBkZgAAAAAAAAAAAAAAAAAAAAAAAAAAAAAAAAAAAAAAAAAAAAAAAAAAAAAAAAAAAAAAAAAAAAAAAMdanc9jLtkAAAAAAAAAAAABAAUAAAkgAAAAAAAAAAAAAAAAAAAABk1vbG6HcgAQAAgAAM5l5/cAAAARAAgAAM9jErkAAAABACQAx1qcAMdamwDHWhcAGSPxABieNgAYmn0ABunRAAbp0AACYHUAAgBxTWFjaW50b3NoIEhEOlVzZXJzOgBwYXNjYWxrbmllcmltOgBEb2N1bWVudHM6AFN0dWRpdW06AE1hc3RlcmFyYmVpdDoAUGFwZXI6AEFydGljbGVzOgBVbmtub3duOgBNb2xuh3I6AE1vbG6Hci5wZGYAAA4AGAALAE0AbwBsAG4AYQMBAHIALgBwAGQAZgAPABoADABNAGEAYwBpAG4AdABvAHMAaAAgAEgARAASAF9Vc2Vycy9wYXNjYWxrbmllcmltL0RvY3VtZW50cy9TdHVkaXVtL01hc3RlcmFyYmVpdC9QYXBlci9BcnRpY2xlcy9Vbmtub3duL01vbG5hzIFyL01vbG5hzIFyLnBkZgAAEwABLwAAFQACABT//wAAgAbSGxwdHlokY2xhc3NuYW1lWCRjbGFzc2VzXU5TTXV0YWJsZURhdGGjHR8gVk5TRGF0YVhOU09iamVjdNIbHCIjXE5TRGljdGlvbmFyeaIiIF8QD05TS2V5ZWRBcmNoaXZlctEmJ1Ryb290gAEACAARABoAIwAtADIANwBAAEYATQBVAGAAZwBqAGwAbgBxAHMAdQB3AIQAjgDrAPAA+AMAAwIDBwMSAxsDKQMtAzQDPQNCA08DUgNkA2cDbAAAAAAAAAIBAAAAAAAAACgAAAAAAAAAAAAAAAAAAANu}}

@inproceedings{Klompmaker:2012id,
	Acmid = {2148179},
	Address = {New York, NY, USA},
	Author = {Klompmaker, Florian and Nebe, Karsten and Fast, Alex},
	Booktitle = {Proceedings of the Sixth International Conference on Tangible, Embedded and Embodied Interaction},
	Date-Modified = {2014-04-29 16:35:59 +0000},
	Doi = {10.1145/2148131.2148179},
	Isbn = {978-1-4503-1174-8},
	Location = {Kingston, Ontario, Canada},
	Numpages = {8},
	Pages = {217--224},
	Publisher = {ACM},
	Series = {TEI '12},
	Title = {dSensingNI: A Framework for Advanced Tangible Interaction Using a Depth Camera},
	Year = {2012},
	Bdsk-Url-1 = {http://doi.acm.org/10.1145/2148131.2148179},
	Bdsk-Url-2 = {http://dx.doi.org/10.1145/2148131.2148179}}

@article{Weiser:1999iq,
	Author = {Weiser, Mark},
	Journal = {Scientific american},
	Number = {3},
	Pages = {94--104},
	Publisher = {Nature Publishing Group},
	Title = {The computer for the 21st century},
	Volume = {265},
	Year = {1991}}

@article{Zhang:2000fu,
	Abstract = {We propose a flexible technique to easily calibrate a camera. It only requires the camera to observe a planar pattern shown at a few (at least two) different orientations. Either the camera or the planar pattern can be freely moved. The motion need not be known. Radial lens distortion is modeled. The proposed procedure consists of a closed-form solution, followed by a nonlinear refinement based on the maximum likelihood criterion. Both computer simulation and real data have been used to test the proposed technique and very good results have been obtained. Compared with classical techniques which use expensive equipment such as two or three orthogonal planes, the proposed technique is easy to use and flexible. It advances 3D computer vision one more step from laboratory environments to real world use. View full abstract},
	Annote = {From: Beamatron 
Camera calibration: vlg 
},
	Author = {Zhang, Zhengyou},
	Date-Added = {2013-10-14T13:39:05GMT},
	Date-Modified = {2013-12-03T10:06:22GMT},
	Doi = {10.1109/34.888718},
	File = {{2000 Zhang.pdf:/Users/pascalknierim/Documents/Studium/Masterarbeit/Paper/Articles/2000/Zhang/2000 Zhang.pdf:application/pdf}},
	Journal = {Pattern Analysis and Machine Intelligence, IEEE Transactions on},
	Local-Url = {file://localhost/Users/pascalknierim/Documents/Studium/Masterarbeit/Paper/Articles/2000/Zhang/2000%20Zhang.pdf},
	Number = {11},
	Pages = {1330--1334},
	Rating = {0},
	Read = {Yes},
	Title = {{A flexible new technique for camera calibration}},
	Uri = {\url{papers2://publication/doi/10.1109/34.888718}},
	Url = {http://ieeexplore.ieee.org/xpl/articleDetails.jsp?tp=&arnumber=888718&matchBoolean%3Dtrue%26rowsPerPage%3D30%26searchField%3DSearch_All%26queryText%3D%28%22A+flexible+new+technique+for+camera+calibration%22%29},
	Volume = {22},
	Year = {2000},
	Bdsk-File-1 = {YnBsaXN0MDDUAQIDBAUGJCVYJHZlcnNpb25YJG9iamVjdHNZJGFyY2hpdmVyVCR0b3ASAAGGoKgHCBMUFRYaIVUkbnVsbNMJCgsMDxJXTlMua2V5c1pOUy5vYmplY3RzViRjbGFzc6INDoACgAOiEBGABIAFgAdccmVsYXRpdmVQYXRoWWFsaWFzRGF0YV8QKy4uL1BhcGVyL0FydGljbGVzLzIwMDAvWmhhbmcvMjAwMCBaaGFuZy5wZGbSFwsYGVdOUy5kYXRhTxECBgAAAAACBgACAAAMTWFjaW50b3NoIEhEAAAAAAAAAAAAAAAAAAAAzmYEF0grAAAAx1onDjIwMDAgWmhhbmcucGRmAAAAAAAAAAAAAAAAAAAAAAAAAAAAAAAAAAAAAAAAAAAAAAAAAAAAAAAAAAAAAAAAAADHWijPYy7VAAAAAAAAAAAAAQAFAAAJIAAAAAAAAAAAAAAAAAAAAAVaaGFuZwAAEAAIAADOZef3AAAAEQAIAADPYxK1AAAAAQAkAMdaJwDHWiYAx1oXABkj8QAYnjYAGJp9AAbp0QAG6dAAAmB1AAIAcU1hY2ludG9zaCBIRDpVc2VyczoAcGFzY2Fsa25pZXJpbToARG9jdW1lbnRzOgBTdHVkaXVtOgBNYXN0ZXJhcmJlaXQ6AFBhcGVyOgBBcnRpY2xlczoAMjAwMDoAWmhhbmc6ADIwMDAgWmhhbmcucGRmAAAOAB4ADgAyADAAMAAwACAAWgBoAGEAbgBnAC4AcABkAGYADwAaAAwATQBhAGMAaQBuAHQAbwBzAGgAIABIAEQAEgBbVXNlcnMvcGFzY2Fsa25pZXJpbS9Eb2N1bWVudHMvU3R1ZGl1bS9NYXN0ZXJhcmJlaXQvUGFwZXIvQXJ0aWNsZXMvMjAwMC9aaGFuZy8yMDAwIFpoYW5nLnBkZgAAEwABLwAAFQACABT//wAAgAbSGxwdHlokY2xhc3NuYW1lWCRjbGFzc2VzXU5TTXV0YWJsZURhdGGjHR8gVk5TRGF0YVhOU09iamVjdNIbHCIjXE5TRGljdGlvbmFyeaIiIF8QD05TS2V5ZWRBcmNoaXZlctEmJ1Ryb290gAEACAARABoAIwAtADIANwBAAEYATQBVAGAAZwBqAGwAbgBxAHMAdQB3AIQAjgC8AMEAyQLTAtUC2gLlAu4C/AMAAwcDEAMVAyIDJQM3AzoDPwAAAAAAAAIBAAAAAAAAACgAAAAAAAAAAAAAAAAAAANB},
	Bdsk-Url-1 = {http://ieeexplore.ieee.org/xpl/articleDetails.jsp?tp=&arnumber=888718&matchBoolean%3Dtrue%26rowsPerPage%3D30%26searchField%3DSearch_All%26queryText%3D%28%22A+flexible+new+technique+for+camera+calibration%22%29},
	Bdsk-Url-2 = {http://dx.doi.org/10.1109/34.888718}}

@inproceedings{Underkoffler:1999iv,
	Address = {New York, New York, USA},
	Annote = {For motivation,


},
	Author = {Underkoffler, John and Ullmer, Brygg and Ishii, Hiroshi},
	Booktitle = {Proceedings of the 26th Annual Conference on Computer Graphics and Interactive Techniques},
	Date-Added = {2014-03-11T13:17:05GMT},
	Date-Modified = {2014-04-29 16:57:47 +0000},
	Doi = {10.1145/311535.311593},
	Pages = {385--392},
	Publisher = {ACM},
	Rating = {0},
	Read = {Yes},
	Series = {SIGGRAPH '99},
	Title = {Emancipated Pixels: Real-world Graphics in the Luminous Room},
	Year = {1999},
	Bdsk-File-1 = {YnBsaXN0MDDUAQIDBAUGJCVYJHZlcnNpb25YJG9iamVjdHNZJGFyY2hpdmVyVCR0b3ASAAGGoKgHCBMUFRYaIVUkbnVsbNMJCgsMDxJXTlMua2V5c1pOUy5vYmplY3RzViRjbGFzc6INDoACgAOiEBGABIAFgAdccmVsYXRpdmVQYXRoWWFsaWFzRGF0YV8QRi4uL1BhcGVyL0FydGljbGVzLzE5OTkvVW5kZXJrb2ZmbGVyL1NJR0dSQVBIICc5OSAxOTk5IFVuZGVya29mZmxlci5wZGbSFwsYGVdOUy5kYXRhTxECZgAAAAACZgACAAAMTWFjaW50b3NoIEhEAAAAAAAAAAAAAAAAAAAAzmYEF0grAAAAx1okH1NJR0dSQVBIICc5OSAxOTk5IFVuI0M3NUEyNS5wZGYAAAAAAAAAAAAAAAAAAAAAAAAAAAAAAAAAAAAAAAAAAADHWiXPYy7VAAAAAAAAAAAAAQAFAAAJIAAAAAAAAAAAAAAAAAAAAAxVbmRlcmtvZmZsZXIAEAAIAADOZef3AAAAEQAIAADPYxK1AAAAAQAkAMdaJADHWiEAx1oXABkj8QAYnjYAGJp9AAbp0QAG6dAAAmB1AAIAiU1hY2ludG9zaCBIRDpVc2VyczoAcGFzY2Fsa25pZXJpbToARG9jdW1lbnRzOgBTdHVkaXVtOgBNYXN0ZXJhcmJlaXQ6AFBhcGVyOgBBcnRpY2xlczoAMTk5OToAVW5kZXJrb2ZmbGVyOgBTSUdHUkFQSCAnOTkgMTk5OSBVbiNDNzVBMjUucGRmAAAOAEYAIgBTAEkARwBHAFIAQQBQAEgAIAAnADkAOQAgADEAOQA5ADkAIABVAG4AZABlAHIAawBvAGYAZgBsAGUAcgAuAHAAZABmAA8AGgAMAE0AYQBjAGkAbgB0AG8AcwBoACAASABEABIAdlVzZXJzL3Bhc2NhbGtuaWVyaW0vRG9jdW1lbnRzL1N0dWRpdW0vTWFzdGVyYXJiZWl0L1BhcGVyL0FydGljbGVzLzE5OTkvVW5kZXJrb2ZmbGVyL1NJR0dSQVBIICc5OSAxOTk5IFVuZGVya29mZmxlci5wZGYAEwABLwAAFQACABT//wAAgAbSGxwdHlokY2xhc3NuYW1lWCRjbGFzc2VzXU5TTXV0YWJsZURhdGGjHR8gVk5TRGF0YVhOU09iamVjdNIbHCIjXE5TRGljdGlvbmFyeaIiIF8QD05TS2V5ZWRBcmNoaXZlctEmJ1Ryb290gAEACAARABoAIwAtADIANwBAAEYATQBVAGAAZwBqAGwAbgBxAHMAdQB3AIQAjgDXANwA5ANOA1ADVQNgA2kDdwN7A4IDiwOQA50DoAOyA7UDugAAAAAAAAIBAAAAAAAAACgAAAAAAAAAAAAAAAAAAAO8},
	Bdsk-Url-1 = {http://portal.acm.org/citation.cfm?doid=311535.311593},
	Bdsk-Url-2 = {http://dx.doi.org/10.1145/311535.311593}}

@inproceedings{Fails:2002du,
	Address = {New York, New York, USA},
	Author = {Fails, Jerry Alan and Olsen, Dan R},
	Booktitle = {the 7th international conference},
	Date-Added = {2014-03-11T13:37:13GMT},
	Date-Modified = {2014-04-29 16:07:42 +0000},
	Doi = {10.1145/502716.502729},
	Pages = {63},
	Publisher = {ACM Press},
	Rating = {0},
	Read = {Yes},
	Title = {{LIGHT WIDGETS}},
	Year = {2002},
	Bdsk-File-1 = {YnBsaXN0MDDUAQIDBAUGJCVYJHZlcnNpb25YJG9iamVjdHNZJGFyY2hpdmVyVCR0b3ASAAGGoKgHCBMUFRYaIVUkbnVsbNMJCgsMDxJXTlMua2V5c1pOUy5vYmplY3RzViRjbGFzc6INDoACgAOiEBGABIAFgAdccmVsYXRpdmVQYXRoWWFsaWFzRGF0YV8QMy4uL1BhcGVyL0FydGljbGVzLzIwMDIvRmFpbHMvSVVJICcwMiAyMDAyIEZhaWxzLnBkZtIXCxgZV05TLmRhdGFPEQImAAAAAAImAAIAAAxNYWNpbnRvc2ggSEQAAAAAAAAAAAAAAAAAAADOZgQXSCsAAADHWjMWSVVJICcwMiAyMDAyIEZhaWxzLnBkZgAAAAAAAAAAAAAAAAAAAAAAAAAAAAAAAAAAAAAAAAAAAAAAAAAAAAAAAMdaNM9jLtUAAAAAAAAAAAABAAUAAAkgAAAAAAAAAAAAAAAAAAAABUZhaWxzAAAQAAgAAM5l5/cAAAARAAgAAM9jErUAAAABACQAx1ozAMdaMgDHWhcAGSPxABieNgAYmn0ABunRAAbp0AACYHUAAgB5TWFjaW50b3NoIEhEOlVzZXJzOgBwYXNjYWxrbmllcmltOgBEb2N1bWVudHM6AFN0dWRpdW06AE1hc3RlcmFyYmVpdDoAUGFwZXI6AEFydGljbGVzOgAyMDAyOgBGYWlsczoASVVJICcwMiAyMDAyIEZhaWxzLnBkZgAADgAuABYASQBVAEkAIAAnADAAMgAgADIAMAAwADIAIABGAGEAaQBsAHMALgBwAGQAZgAPABoADABNAGEAYwBpAG4AdABvAHMAaAAgAEgARAASAGNVc2Vycy9wYXNjYWxrbmllcmltL0RvY3VtZW50cy9TdHVkaXVtL01hc3RlcmFyYmVpdC9QYXBlci9BcnRpY2xlcy8yMDAyL0ZhaWxzL0lVSSAnMDIgMjAwMiBGYWlscy5wZGYAABMAAS8AABUAAgAU//8AAIAG0hscHR5aJGNsYXNzbmFtZVgkY2xhc3Nlc11OU011dGFibGVEYXRhox0fIFZOU0RhdGFYTlNPYmplY3TSGxwiI1xOU0RpY3Rpb25hcnmiIiBfEA9OU0tleWVkQXJjaGl2ZXLRJidUcm9vdIABAAgAEQAaACMALQAyADcAQABGAE0AVQBgAGcAagBsAG4AcQBzAHUAdwCEAI4AxADJANEC+wL9AwIDDQMWAyQDKAMvAzgDPQNKA00DXwNiA2cAAAAAAAACAQAAAAAAAAAoAAAAAAAAAAAAAAAAAAADaQ==},
	Bdsk-Url-1 = {http://portal.acm.org/citation.cfm?doid=502716.502729},
	Bdsk-Url-2 = {http://dx.doi.org/10.1145/502716.502729}}

@article{Weiser:1991fa,
	Abstract = {The most profound technologies are those that disappear. They weave themselves into the fabric of everyday life until they are indistinguishable from it. Consider writing, perhaps the first information technology. The ability to represent spoken language symbolically for long-term storage ... 
},
	Author = {Weiser, Mark},
	Date-Added = {2014-04-21T11:05:14GMT},
	Date-Modified = {2014-04-29 17:02:23 +0000},
	Doi = {10.1038/scientificamerican0991-94},
	Journal = {Scientific American},
	Month = sep,
	Number = {3},
	Pages = {94--104},
	Publisher = {Nature Publishing Group},
	Rating = {0},
	Title = {{The Computer for the 21st Century}},
	Volume = {265},
	Year = {1991},
	Bdsk-Url-1 = {http://www.nature.com/doifinder/10.1038/scientificamerican0991-94},
	Bdsk-Url-2 = {http://dx.doi.org/10.1038/scientificamerican0991-94}}

@inproceedings{Sato:2012iu,
	Abstract = {Touch{\'e} proposes a novel Swept Frequency Capacitive Sensing technique that can not only detect a touch event, but also recognize complex configurations of the human hands and body. Such contextual information significantly enhances},
	Annote = {Not particular  interesting for my master theisis

Gesture recongingition on a door knop

implementing touch to different objects 
body 
water
table
doorknop

see youtube vid.

},
	Author = {Sato, Munehiko and Poupyrev, Ivan and Harrison, Chris},
	Booktitle = {CHI '12: Proceedings of the SIGCHI Conference on Human Factors in Computing Systems},
	Date-Added = {2013-10-25T12:36:55GMT},
	Date-Modified = {2014-04-21T11:12:13GMT},
	Doi = {10.1145/2207676.2207743},
	File = {{2012 Sato.pdf:/Users/pascalknierim/Documents/Studium/Masterarbeit/Paper/Articles/2012/Sato/2012 Sato.pdf:application/pdf}},
	Local-Url = {file://localhost/Users/pascalknierim/Documents/Studium/Masterarbeit/Paper/Articles/2012/Sato/2012%20Sato.pdf},
	Month = may,
	Publisher = {ACM Request Permissions},
	Rating = {0},
	Read = {Yes},
	Title = {{Touch{\'e}: enhancing touch interaction on humans, screens, liquids, and everyday objects}},
	Uri = {\url{papers2://publication/doi/10.1145/2207676.2207743}},
	Url = {http://portal.acm.org/citation.cfm?id=2207676.2207743&coll=DL&dl=GUIDE&CFID=256381424&CFTOKEN=68665557},
	Year = {2012},
	Bdsk-File-1 = {YnBsaXN0MDDUAQIDBAUGJCVYJHZlcnNpb25YJG9iamVjdHNZJGFyY2hpdmVyVCR0b3ASAAGGoKgHCBMUFRYaIVUkbnVsbNMJCgsMDxJXTlMua2V5c1pOUy5vYmplY3RzViRjbGFzc6INDoACgAOiEBGABIAFgAdccmVsYXRpdmVQYXRoWWFsaWFzRGF0YV8QKS4uL1BhcGVyL0FydGljbGVzLzIwMTIvU2F0by8yMDEyIFNhdG8ucGRm0hcLGBlXTlMuZGF0YU8RAf4AAAAAAf4AAgAADE1hY2ludG9zaCBIRAAAAAAAAAAAAAAAAAAAAM5mBBdIKwAAAMdagg0yMDEyIFNhdG8ucGRmAAAAAAAAAAAAAAAAAAAAAAAAAAAAAAAAAAAAAAAAAAAAAAAAAAAAAAAAAAAAAAAAAAAAx1qDz2Mu1wAAAAAAAAAAAAEABQAACSAAAAAAAAAAAAAAAAAAAAAEU2F0bwAQAAgAAM5l5/cAAAARAAgAAM9jErcAAAABACQAx1qCAMdacADHWhcAGSPxABieNgAYmn0ABunRAAbp0AACYHUAAgBvTWFjaW50b3NoIEhEOlVzZXJzOgBwYXNjYWxrbmllcmltOgBEb2N1bWVudHM6AFN0dWRpdW06AE1hc3RlcmFyYmVpdDoAUGFwZXI6AEFydGljbGVzOgAyMDEyOgBTYXRvOgAyMDEyIFNhdG8ucGRmAAAOABwADQAyADAAMQAyACAAUwBhAHQAbwAuAHAAZABmAA8AGgAMAE0AYQBjAGkAbgB0AG8AcwBoACAASABEABIAWVVzZXJzL3Bhc2NhbGtuaWVyaW0vRG9jdW1lbnRzL1N0dWRpdW0vTWFzdGVyYXJiZWl0L1BhcGVyL0FydGljbGVzLzIwMTIvU2F0by8yMDEyIFNhdG8ucGRmAAATAAEvAAAVAAIAFP//AACABtIbHB0eWiRjbGFzc25hbWVYJGNsYXNzZXNdTlNNdXRhYmxlRGF0YaMdHyBWTlNEYXRhWE5TT2JqZWN00hscIiNcTlNEaWN0aW9uYXJ5oiIgXxAPTlNLZXllZEFyY2hpdmVy0SYnVHJvb3SAAQAIABEAGgAjAC0AMgA3AEAARgBNAFUAYABnAGoAbABuAHEAcwB1AHcAhACOALoAvwDHAskCywLQAtsC5ALyAvYC/QMGAwsDGAMbAy0DMAM1AAAAAAAAAgEAAAAAAAAAKAAAAAAAAAAAAAAAAAAAAzc=},
	Bdsk-Url-1 = {http://portal.acm.org/citation.cfm?id=2207676.2207743&coll=DL&dl=GUIDE&CFID=256381424&CFTOKEN=68665557},
	Bdsk-Url-2 = {http://dx.doi.org/10.1145/2207676.2207743}}

@article{Wilson:2007iz,
	Abstract = {Recently developed depth-sensing video camera technologies provide precise per-pixel range data in addition to color video. Such cameras will find application in robotics and vision-based human computer interaction scenarios such as games and gesture input systems. We present an interactive tabletop system which uses a depth-sensing camera to build a height map of the objects on the table surface. This height map is used in a driving simulation game that allows players to drive a virtual car over real objects placed on the table. Players can use folded bits of paper, for example, to lay out a course of ramps and other obstacles. A projector displays the position of the car on the surface, such that when the car is driven over a ramp, for example, it jumps appropriately. A second display shows a synthetic graphical view of the entire surface, or a traditional arcade view from behind the car. Micromotorcross is a fun initial investigation into the applicability of depth-sensing cameras to tabletop interfaces. We present details on its implementation, and speculate on how this technology will enable new tabletop interactions. View full abstract},
	Author = {Wilson, A D},
	Date-Added = {2014-03-11T13:46:56GMT},
	Date-Modified = {2014-03-27T18:08:21GMT},
	Doi = {10.1109/TABLETOP.2007.35},
	File = {{2007 Wilson.pdf:/Users/pascalknierim/Documents/Studium/Masterarbeit/Paper/Articles/2007/Wilson/2007 Wilson.pdf:application/pdf}},
	Journal = {Horizontal Interactive Human-Computer Systems, 2007. TABLETOP '07. Second Annual IEEE International Workshop on},
	Local-Url = {file://localhost/Users/pascalknierim/Documents/Studium/Masterarbeit/Paper/Articles/2007/Wilson/2007%20Wilson.pdf},
	Pages = {201--204},
	Rating = {0},
	Read = {Yes},
	Title = {{Depth-Sensing Video Cameras for 3D Tangible Tabletop Interaction}},
	Uri = {\url{papers2://publication/doi/10.1109/TABLETOP.2007.35}},
	Url = {http://ieeexplore.ieee.org/xpl/articleDetails.jsp?tp=&arnumber=4384131&matchBoolean%3Dtrue%26rowsPerPage%3D30%26searchField%3DSearch_All%26queryText%3D%28%22Depth-Sensing+Video+Cameras+for+3D+Tangible+Tabletop+Interaction%22%29},
	Year = {2007},
	Bdsk-File-1 = {YnBsaXN0MDDUAQIDBAUGJCVYJHZlcnNpb25YJG9iamVjdHNZJGFyY2hpdmVyVCR0b3ASAAGGoKgHCBMUFRYaIVUkbnVsbNMJCgsMDxJXTlMua2V5c1pOUy5vYmplY3RzViRjbGFzc6INDoACgAOiEBGABIAFgAdccmVsYXRpdmVQYXRoWWFsaWFzRGF0YV8QLS4uL1BhcGVyL0FydGljbGVzLzIwMDcvV2lsc29uLzIwMDcgV2lsc29uLnBkZtIXCxgZV05TLmRhdGFPEQIMAAAAAAIMAAIAAAxNYWNpbnRvc2ggSEQAAAAAAAAAAAAAAAAAAADOZgQXSCsAAADHWkAPMjAwNyBXaWxzb24ucGRmAAAAAAAAAAAAAAAAAAAAAAAAAAAAAAAAAAAAAAAAAAAAAAAAAAAAAAAAAAAAAAAAAMdaQc9jLtYAAAAAAAAAAAABAAUAAAkgAAAAAAAAAAAAAAAAAAAABldpbHNvbgAQAAgAAM5l5/cAAAARAAgAAM9jErYAAAABACQAx1pAAMdaOwDHWhcAGSPxABieNgAYmn0ABunRAAbp0AACYHUAAgBzTWFjaW50b3NoIEhEOlVzZXJzOgBwYXNjYWxrbmllcmltOgBEb2N1bWVudHM6AFN0dWRpdW06AE1hc3RlcmFyYmVpdDoAUGFwZXI6AEFydGljbGVzOgAyMDA3OgBXaWxzb246ADIwMDcgV2lsc29uLnBkZgAADgAgAA8AMgAwADAANwAgAFcAaQBsAHMAbwBuAC4AcABkAGYADwAaAAwATQBhAGMAaQBuAHQAbwBzAGgAIABIAEQAEgBdVXNlcnMvcGFzY2Fsa25pZXJpbS9Eb2N1bWVudHMvU3R1ZGl1bS9NYXN0ZXJhcmJlaXQvUGFwZXIvQXJ0aWNsZXMvMjAwNy9XaWxzb24vMjAwNyBXaWxzb24ucGRmAAATAAEvAAAVAAIAFP//AACABtIbHB0eWiRjbGFzc25hbWVYJGNsYXNzZXNdTlNNdXRhYmxlRGF0YaMdHyBWTlNEYXRhWE5TT2JqZWN00hscIiNcTlNEaWN0aW9uYXJ5oiIgXxAPTlNLZXllZEFyY2hpdmVy0SYnVHJvb3SAAQAIABEAGgAjAC0AMgA3AEAARgBNAFUAYABnAGoAbABuAHEAcwB1AHcAhACOAL4AwwDLAtsC3QLiAu0C9gMEAwgDDwMYAx0DKgMtAz8DQgNHAAAAAAAAAgEAAAAAAAAAKAAAAAAAAAAAAAAAAAAAA0k=},
	Bdsk-Url-1 = {http://ieeexplore.ieee.org/xpl/articleDetails.jsp?tp=&arnumber=4384131&matchBoolean%3Dtrue%26rowsPerPage%3D30%26searchField%3DSearch_All%26queryText%3D%28%22Depth-Sensing+Video+Cameras+for+3D+Tangible+Tabletop+Interaction%22%29},
	Bdsk-Url-2 = {http://dx.doi.org/10.1109/TABLETOP.2007.35}}

@article{Gao:2008jn,
	Abstract = {Abstract. We propose a flexible technique to easily calibrate a structured light system , in which only two patterns are required: a paper checkerboard printed on a laser printer and attached to a surface plane, and a pattern image of a checkerboard, which is projected on ... 
},
	Author = {Gao, Wei},
	Date-Added = {2014-04-14T19:28:45GMT},
	Date-Modified = {2014-05-01 16:48:07 +0000},
	Doi = {10.1117/1.2969118},
	Journal = {Optical Engineering},
	Number = {8},
	Pages = {083602},
	Rating = {0},
	Title = {{Flexible method for structured light system calibration}},
	Volume = {47},
	Year = {2008},
	Bdsk-Url-1 = {http://opticalengineering.spiedigitallibrary.org/article.aspx?doi=10.1117/1.2969118},
	Bdsk-Url-2 = {http://dx.doi.org/10.1117/1.2969118}}

@article{Cauchard:2012ts,
	Abstract = {Emerging smartphones and other handheld devices are now being fitted with a set of new embedded technologies such as pico-projection. They are usually designed with the pico-projector embedded in the top of the device. Despite the potential of personal},
	Annote = {Focus on Study; Fixed projectors are unstilted in mobile environment. Need for flexible interactive projection.

},
	Author = {Cauchard, Jessica R and Fraser, Mike and Han, Teng and Subramanian, Sriram},
	Date-Added = {2013-10-03T10:55:55GMT},
	Date-Modified = {2014-04-21T11:12:34GMT},
	File = {{2012 Cauchard.pdf:/Users/pascalknierim/Documents/Studium/Masterarbeit/Paper/Articles/2012/Cauchard/2012 Cauchard.pdf:application/pdf}},
	Journal = {Personal and Ubiquitous Computing},
	Local-Url = {file://localhost/Users/pascalknierim/Documents/Studium/Masterarbeit/Paper/Articles/2012/Cauchard/2012%20Cauchard.pdf},
	Month = jan,
	Number = {1},
	Publisher = {Springer-Verlag},
	Rating = {0},
	Read = {Yes},
	Title = {{Steerable projection: exploring alignment in interactive mobile displays}},
	Uri = {\url{papers2://publication/uuid/ADB443A7-F0D5-4561-B513-9A376B548E92}},
	Url = {http://portal.acm.org/citation.cfm?id=2124463.2124491&coll=DL&dl=GUIDE&CFID=251032714&CFTOKEN=11109539},
	Volume = {16},
	Year = {2012},
	Bdsk-File-1 = {YnBsaXN0MDDUAQIDBAUGJCVYJHZlcnNpb25YJG9iamVjdHNZJGFyY2hpdmVyVCR0b3ASAAGGoKgHCBMUFRYaIVUkbnVsbNMJCgsMDxJXTlMua2V5c1pOUy5vYmplY3RzViRjbGFzc6INDoACgAOiEBGABIAFgAdccmVsYXRpdmVQYXRoWWFsaWFzRGF0YV8QMS4uL1BhcGVyL0FydGljbGVzLzIwMTIvQ2F1Y2hhcmQvMjAxMiBDYXVjaGFyZC5wZGbSFwsYGVdOUy5kYXRhTxECGgAAAAACGgACAAAMTWFjaW50b3NoIEhEAAAAAAAAAAAAAAAAAAAAzmYEF0grAAAAx1p1ETIwMTIgQ2F1Y2hhcmQucGRmAAAAAAAAAAAAAAAAAAAAAAAAAAAAAAAAAAAAAAAAAAAAAAAAAAAAAAAAAAAAAADHWnbPYy7XAAAAAAAAAAAAAQAFAAAJIAAAAAAAAAAAAAAAAAAAAAhDYXVjaGFyZAAQAAgAAM5l5/cAAAARAAgAAM9jErcAAAABACQAx1p1AMdacADHWhcAGSPxABieNgAYmn0ABunRAAbp0AACYHUAAgB3TWFjaW50b3NoIEhEOlVzZXJzOgBwYXNjYWxrbmllcmltOgBEb2N1bWVudHM6AFN0dWRpdW06AE1hc3RlcmFyYmVpdDoAUGFwZXI6AEFydGljbGVzOgAyMDEyOgBDYXVjaGFyZDoAMjAxMiBDYXVjaGFyZC5wZGYAAA4AJAARADIAMAAxADIAIABDAGEAdQBjAGgAYQByAGQALgBwAGQAZgAPABoADABNAGEAYwBpAG4AdABvAHMAaAAgAEgARAASAGFVc2Vycy9wYXNjYWxrbmllcmltL0RvY3VtZW50cy9TdHVkaXVtL01hc3RlcmFyYmVpdC9QYXBlci9BcnRpY2xlcy8yMDEyL0NhdWNoYXJkLzIwMTIgQ2F1Y2hhcmQucGRmAAATAAEvAAAVAAIAFP//AACABtIbHB0eWiRjbGFzc25hbWVYJGNsYXNzZXNdTlNNdXRhYmxlRGF0YaMdHyBWTlNEYXRhWE5TT2JqZWN00hscIiNcTlNEaWN0aW9uYXJ5oiIgXxAPTlNLZXllZEFyY2hpdmVy0SYnVHJvb3SAAQAIABEAGgAjAC0AMgA3AEAARgBNAFUAYABnAGoAbABuAHEAcwB1AHcAhACOAMIAxwDPAu0C7wL0Av8DCAMWAxoDIQMqAy8DPAM/A1EDVANZAAAAAAAAAgEAAAAAAAAAKAAAAAAAAAAAAAAAAAAAA1s=},
	Bdsk-Url-1 = {http://portal.acm.org/citation.cfm?id=2124463.2124491&coll=DL&dl=GUIDE&CFID=251032714&CFTOKEN=11109539}}

@article{Harrison:2010hp,
	Abstract = {In this article, Chris Harrison, Jason Wiese, and Anind K. Dey discuss the predictions of Mark Weiser, the father of ubiquitous computing, who envisioned that we would have smart personal environments, with numerous computational devices embedded within each environment. The authors point out that, rather than this happening, what we have currently are personalized computational devices, for example, smart phones, tied to users rather than embedded in the environment. The interesting development of this observation is the crux of their article. Even though multimedia, per se, is not specifically addressed in the article, what the authors have to say is certainly relevant to our community, as smart computational devices and sensors of various sorts are certainly siblings under the skin.-William I. Grosky View full abstract},
	Annote = {From WorldKit: Today, users have achieved ubiquitous computing not through ubiquity of computing infrastructure, but rather by carrying sophisticated mobile devices everywhere we go



},
	Author = {Harrison, C and Wiese, J and Dey, A K},
	Date-Added = {2013-10-14T11:39:45GMT},
	Date-Modified = {2014-04-21T11:09:45GMT},
	Doi = {10.1109/MMUL.2010.53},
	File = {{2010 Harrison.pdf:/Users/pascalknierim/Documents/Studium/Masterarbeit/Paper/Articles/2010/Harrison/2010 Harrison.pdf:application/pdf}},
	Journal = {MultiMedia, IEEE},
	Local-Url = {file://localhost/Users/pascalknierim/Documents/Studium/Masterarbeit/Paper/Articles/2010/Harrison/2010%20Harrison.pdf},
	Number = {3},
	Pages = {8--12},
	Rating = {0},
	Read = {Yes},
	Title = {{Achieving Ubiquity: The New Third Wave}},
	Uri = {\url{papers2://publication/doi/10.1109/MMUL.2010.53}},
	Url = {http://ieeexplore.ieee.org/xpl/articleDetails.jsp?tp=&arnumber=5532578&matchBoolean%3Dtrue%26rowsPerPage%3D30%26searchField%3DSearch_All%26queryText%3D%28p_Title%3A%22The+New+Third+Wave%22%29},
	Volume = {17},
	Year = {2010},
	Bdsk-File-1 = {YnBsaXN0MDDUAQIDBAUGJCVYJHZlcnNpb25YJG9iamVjdHNZJGFyY2hpdmVyVCR0b3ASAAGGoKgHCBMUFRYaIVUkbnVsbNMJCgsMDxJXTlMua2V5c1pOUy5vYmplY3RzViRjbGFzc6INDoACgAOiEBGABIAFgAdccmVsYXRpdmVQYXRoWWFsaWFzRGF0YV8QMS4uL1BhcGVyL0FydGljbGVzLzIwMTAvSGFycmlzb24vMjAxMCBIYXJyaXNvbi5wZGbSFwsYGVdOUy5kYXRhTxECGgAAAAACGgACAAAMTWFjaW50b3NoIEhEAAAAAAAAAAAAAAAAAAAAzmYEF0grAAAAx1pSETIwMTAgSGFycmlzb24ucGRmAAAAAAAAAAAAAAAAAAAAAAAAAAAAAAAAAAAAAAAAAAAAAAAAAAAAAAAAAAAAAADHWlPPYy7WAAAAAAAAAAAAAQAFAAAJIAAAAAAAAAAAAAAAAAAAAAhIYXJyaXNvbgAQAAgAAM5l5/cAAAARAAgAAM9jErYAAAABACQAx1pSAMdaUQDHWhcAGSPxABieNgAYmn0ABunRAAbp0AACYHUAAgB3TWFjaW50b3NoIEhEOlVzZXJzOgBwYXNjYWxrbmllcmltOgBEb2N1bWVudHM6AFN0dWRpdW06AE1hc3RlcmFyYmVpdDoAUGFwZXI6AEFydGljbGVzOgAyMDEwOgBIYXJyaXNvbjoAMjAxMCBIYXJyaXNvbi5wZGYAAA4AJAARADIAMAAxADAAIABIAGEAcgByAGkAcwBvAG4ALgBwAGQAZgAPABoADABNAGEAYwBpAG4AdABvAHMAaAAgAEgARAASAGFVc2Vycy9wYXNjYWxrbmllcmltL0RvY3VtZW50cy9TdHVkaXVtL01hc3RlcmFyYmVpdC9QYXBlci9BcnRpY2xlcy8yMDEwL0hhcnJpc29uLzIwMTAgSGFycmlzb24ucGRmAAATAAEvAAAVAAIAFP//AACABtIbHB0eWiRjbGFzc25hbWVYJGNsYXNzZXNdTlNNdXRhYmxlRGF0YaMdHyBWTlNEYXRhWE5TT2JqZWN00hscIiNcTlNEaWN0aW9uYXJ5oiIgXxAPTlNLZXllZEFyY2hpdmVy0SYnVHJvb3SAAQAIABEAGgAjAC0AMgA3AEAARgBNAFUAYABnAGoAbABuAHEAcwB1AHcAhACOAMIAxwDPAu0C7wL0Av8DCAMWAxoDIQMqAy8DPAM/A1EDVANZAAAAAAAAAgEAAAAAAAAAKAAAAAAAAAAAAAAAAAAAA1s=},
	Bdsk-Url-1 = {http://ieeexplore.ieee.org/xpl/articleDetails.jsp?tp=&arnumber=5532578&matchBoolean%3Dtrue%26rowsPerPage%3D30%26searchField%3DSearch_All%26queryText%3D%28p_Title%3A%22The+New+Third+Wave%22%29},
	Bdsk-Url-2 = {http://dx.doi.org/10.1109/MMUL.2010.53}}

@inproceedings{Wellner:1991ws,
	Acmid = {120785},
	Address = {New York, NY, USA},
	Author = {Wellner, Pierre},
	Booktitle = {Proceedings of the 4th Annual ACM Symposium on User Interface Software and Technology},
	Date-Modified = {2014-04-29 17:25:01 +0000},
	Doi = {10.1145/120782.120785},
	Isbn = {0-89791-451-1},
	Location = {Hilton Head, South Carolina, USA},
	Numpages = {7},
	Pages = {27--33},
	Publisher = {ACM},
	Series = {UIST '91},
	Title = {The DigitalDesk Calculator: Tangible Manipulation on a Desk Top Display},
	Year = {1991},
	Bdsk-Url-1 = {http://doi.acm.org/10.1145/120782.120785},
	Bdsk-Url-2 = {http://dx.doi.org/10.1145/120782.120785}}

@article{Schmidt:2012ut,
	Author = {Schmidt, Dominik and Molyneaux, David and Cao, Xiang},
	Date-Added = {2014-03-17T12:03:51GMT},
	Date-Modified = {2014-03-25T13:08:45GMT},
	File = {{2012 Schmidt.pdf:/Users/pascalknierim/Documents/Studium/Masterarbeit/Paper/Articles/2012/Schmidt/2012 Schmidt.pdf:application/pdf}},
	Isbn = {1450315801},
	Local-Url = {file://localhost/Users/pascalknierim/Documents/Studium/Masterarbeit/Paper/Articles/2012/Schmidt/2012%20Schmidt.pdf},
	Pages = {379--388},
	Publisher = {ACM},
	Rating = {0},
	Read = {Yes},
	Title = {{PICOntrol: using a handheld projector for direct control of physical devices through visible light}},
	Uri = {\url{papers2://publication/uuid/042AC117-6EBD-4C0B-B6A4-EDA108B6D294}},
	Url = {http://dl.acm.org/citation.cfm?id=2380166},
	Year = {2012},
	Bdsk-File-1 = {YnBsaXN0MDDUAQIDBAUGJCVYJHZlcnNpb25YJG9iamVjdHNZJGFyY2hpdmVyVCR0b3ASAAGGoKgHCBMUFRYaIVUkbnVsbNMJCgsMDxJXTlMua2V5c1pOUy5vYmplY3RzViRjbGFzc6INDoACgAOiEBGABIAFgAdccmVsYXRpdmVQYXRoWWFsaWFzRGF0YV8QLy4uL1BhcGVyL0FydGljbGVzLzIwMTIvU2NobWlkdC8yMDEyIFNjaG1pZHQucGRm0hcLGBlXTlMuZGF0YU8RAhQAAAAAAhQAAgAADE1hY2ludG9zaCBIRAAAAAAAAAAAAAAAAAAAAM5mBBdIKwAAAMdahBAyMDEyIFNjaG1pZHQucGRmAAAAAAAAAAAAAAAAAAAAAAAAAAAAAAAAAAAAAAAAAAAAAAAAAAAAAAAAAAAAAAAAx1qFz2Mu1wAAAAAAAAAAAAEABQAACSAAAAAAAAAAAAAAAAAAAAAHU2NobWlkdAAAEAAIAADOZef3AAAAEQAIAADPYxK3AAAAAQAkAMdahADHWnAAx1oXABkj8QAYnjYAGJp9AAbp0QAG6dAAAmB1AAIAdU1hY2ludG9zaCBIRDpVc2VyczoAcGFzY2Fsa25pZXJpbToARG9jdW1lbnRzOgBTdHVkaXVtOgBNYXN0ZXJhcmJlaXQ6AFBhcGVyOgBBcnRpY2xlczoAMjAxMjoAU2NobWlkdDoAMjAxMiBTY2htaWR0LnBkZgAADgAiABAAMgAwADEAMgAgAFMAYwBoAG0AaQBkAHQALgBwAGQAZgAPABoADABNAGEAYwBpAG4AdABvAHMAaAAgAEgARAASAF9Vc2Vycy9wYXNjYWxrbmllcmltL0RvY3VtZW50cy9TdHVkaXVtL01hc3RlcmFyYmVpdC9QYXBlci9BcnRpY2xlcy8yMDEyL1NjaG1pZHQvMjAxMiBTY2htaWR0LnBkZgAAEwABLwAAFQACABT//wAAgAbSGxwdHlokY2xhc3NuYW1lWCRjbGFzc2VzXU5TTXV0YWJsZURhdGGjHR8gVk5TRGF0YVhOU09iamVjdNIbHCIjXE5TRGljdGlvbmFyeaIiIF8QD05TS2V5ZWRBcmNoaXZlctEmJ1Ryb290gAEACAARABoAIwAtADIANwBAAEYATQBVAGAAZwBqAGwAbgBxAHMAdQB3AIQAjgDAAMUAzQLlAucC7AL3AwADDgMSAxkDIgMnAzQDNwNJA0wDUQAAAAAAAAIBAAAAAAAAACgAAAAAAAAAAAAAAAAAAANT},
	Bdsk-Url-1 = {http://dl.acm.org/citation.cfm?id=2380166}}

@article{Holz:2011wo,
	Author = {Holz, Christian and Baudisch, Patrick},
	Date-Added = {2013-09-17T09:01:31GMT},
	Date-Modified = {2013-10-26T12:48:11GMT},
	File = {{2011 Holz.pdf:/Users/pascalknierim/Documents/Studium/Masterarbeit/Paper/Articles/2011/Holz/2011 Holz.pdf:application/pdf}},
	Isbn = {1450302289},
	Local-Url = {file://localhost/Users/pascalknierim/Documents/Studium/Masterarbeit/Paper/Articles/2011/Holz/2011%20Holz.pdf},
	Pages = {2501--2510},
	Publisher = {ACM},
	Rating = {0},
	Read = {Yes},
	Title = {{Understanding touch}},
	Uri = {\url{papers2://publication/uuid/452DCDA5-C379-4F25-98DE-EA9BE5679D84}},
	Url = {http://dl.acm.org/citation.cfm?id=1979308},
	Year = {2011},
	Bdsk-File-1 = {YnBsaXN0MDDUAQIDBAUGJCVYJHZlcnNpb25YJG9iamVjdHNZJGFyY2hpdmVyVCR0b3ASAAGGoKgHCBMUFRYaIVUkbnVsbNMJCgsMDxJXTlMua2V5c1pOUy5vYmplY3RzViRjbGFzc6INDoACgAOiEBGABIAFgAdccmVsYXRpdmVQYXRoWWFsaWFzRGF0YV8QKS4uL1BhcGVyL0FydGljbGVzLzIwMTEvSG9sei8yMDExIEhvbHoucGRm0hcLGBlXTlMuZGF0YU8RAf4AAAAAAf4AAgAADE1hY2ludG9zaCBIRAAAAAAAAAAAAAAAAAAAAM5mBBdIKwAAAMdaag0yMDExIEhvbHoucGRmAAAAAAAAAAAAAAAAAAAAAAAAAAAAAAAAAAAAAAAAAAAAAAAAAAAAAAAAAAAAAAAAAAAAx1prz2Mu1wAAAAAAAAAAAAEABQAACSAAAAAAAAAAAAAAAAAAAAAESG9segAQAAgAAM5l5/cAAAARAAgAAM9jErcAAAABACQAx1pqAMdaZwDHWhcAGSPxABieNgAYmn0ABunRAAbp0AACYHUAAgBvTWFjaW50b3NoIEhEOlVzZXJzOgBwYXNjYWxrbmllcmltOgBEb2N1bWVudHM6AFN0dWRpdW06AE1hc3RlcmFyYmVpdDoAUGFwZXI6AEFydGljbGVzOgAyMDExOgBIb2x6OgAyMDExIEhvbHoucGRmAAAOABwADQAyADAAMQAxACAASABvAGwAegAuAHAAZABmAA8AGgAMAE0AYQBjAGkAbgB0AG8AcwBoACAASABEABIAWVVzZXJzL3Bhc2NhbGtuaWVyaW0vRG9jdW1lbnRzL1N0dWRpdW0vTWFzdGVyYXJiZWl0L1BhcGVyL0FydGljbGVzLzIwMTEvSG9sei8yMDExIEhvbHoucGRmAAATAAEvAAAVAAIAFP//AACABtIbHB0eWiRjbGFzc25hbWVYJGNsYXNzZXNdTlNNdXRhYmxlRGF0YaMdHyBWTlNEYXRhWE5TT2JqZWN00hscIiNcTlNEaWN0aW9uYXJ5oiIgXxAPTlNLZXllZEFyY2hpdmVy0SYnVHJvb3SAAQAIABEAGgAjAC0AMgA3AEAARgBNAFUAYABnAGoAbABuAHEAcwB1AHcAhACOALoAvwDHAskCywLQAtsC5ALyAvYC/QMGAwsDGAMbAy0DMAM1AAAAAAAAAgEAAAAAAAAAKAAAAAAAAAAAAAAAAAAAAzc=},
	Bdsk-Url-1 = {http://dl.acm.org/citation.cfm?id=1979308}}

@inproceedings{Harrison:2011bn,
	Address = {New York, New York, USA},
	Author = {Harrison, Chris and Benko, Hrvoje and Wilson, Andrew D.},
	Booktitle = {Proceedings of the 24th Annual ACM Symposium on User Interface Software and Technology},
	Date-Added = {2013-10-03T11:47:48GMT},
	Date-Modified = {2014-04-29 16:35:26 +0000},
	Doi = {10.1145/2047196.2047255},
	Pages = {441--450},
	Publisher = {ACM},
	Rating = {0},
	Read = {Yes},
	Series = {UIST '11},
	Title = {OmniTouch: Wearable Multitouch Interaction Everywhere},
	Year = {2011},
	Bdsk-File-1 = {YnBsaXN0MDDUAQIDBAUGJCVYJHZlcnNpb25YJG9iamVjdHNZJGFyY2hpdmVyVCR0b3ASAAGGoKgHCBMUFRYaIVUkbnVsbNMJCgsMDxJXTlMua2V5c1pOUy5vYmplY3RzViRjbGFzc6INDoACgAOiEBGABIAFgAdccmVsYXRpdmVQYXRoWWFsaWFzRGF0YV8QOi4uL1BhcGVyL0FydGljbGVzLzIwMTEvSGFycmlzb24vVUlTVCAnMTEgMjAxMSBIYXJyaXNvbi5wZGbSFwsYGVdOUy5kYXRhTxECPAAAAAACPAACAAAMTWFjaW50b3NoIEhEAAAAAAAAAAAAAAAAAAAAzmYEF0grAAAAx1poGlVJU1QgJzExIDIwMTEgSGFycmlzb24ucGRmAAAAAAAAAAAAAAAAAAAAAAAAAAAAAAAAAAAAAAAAAAAAAAAAAADHWmnPYy7WAAAAAAAAAAAAAQAFAAAJIAAAAAAAAAAAAAAAAAAAAAhIYXJyaXNvbgAQAAgAAM5l5/cAAAARAAgAAM9jErYAAAABACQAx1poAMdaZwDHWhcAGSPxABieNgAYmn0ABunRAAbp0AACYHUAAgCATWFjaW50b3NoIEhEOlVzZXJzOgBwYXNjYWxrbmllcmltOgBEb2N1bWVudHM6AFN0dWRpdW06AE1hc3RlcmFyYmVpdDoAUGFwZXI6AEFydGljbGVzOgAyMDExOgBIYXJyaXNvbjoAVUlTVCAnMTEgMjAxMSBIYXJyaXNvbi5wZGYADgA2ABoAVQBJAFMAVAAgACcAMQAxACAAMgAwADEAMQAgAEgAYQByAHIAaQBzAG8AbgAuAHAAZABmAA8AGgAMAE0AYQBjAGkAbgB0AG8AcwBoACAASABEABIAalVzZXJzL3Bhc2NhbGtuaWVyaW0vRG9jdW1lbnRzL1N0dWRpdW0vTWFzdGVyYXJiZWl0L1BhcGVyL0FydGljbGVzLzIwMTEvSGFycmlzb24vVUlTVCAnMTEgMjAxMSBIYXJyaXNvbi5wZGYAEwABLwAAFQACABT//wAAgAbSGxwdHlokY2xhc3NuYW1lWCRjbGFzc2VzXU5TTXV0YWJsZURhdGGjHR8gVk5TRGF0YVhOU09iamVjdNIbHCIjXE5TRGljdGlvbmFyeaIiIF8QD05TS2V5ZWRBcmNoaXZlctEmJ1Ryb290gAEACAARABoAIwAtADIANwBAAEYATQBVAGAAZwBqAGwAbgBxAHMAdQB3AIQAjgDLANAA2AMYAxoDHwMqAzMDQQNFA0wDVQNaA2cDagN8A38DhAAAAAAAAAIBAAAAAAAAACgAAAAAAAAAAAAAAAAAAAOG},
	Bdsk-Url-1 = {http://dl.acm.org/citation.cfm?doid=2047196.2047255},
	Bdsk-Url-2 = {http://dx.doi.org/10.1145/2047196.2047255}}

@inproceedings{Izadi:2011jq,
	Address = {New York, New York, USA},
	Author = {Izadi, Shahram and Davison, Andrew and Fitzgibbon, Andrew and Kim, David and Hilliges, Otmar and Molyneaux, David and Newcombe, Richard and Kohli, Pushmeet and Shotton, Jamie and Hodges, Steve and Freeman, Dustin},
	Booktitle = {the 24th annual ACM symposium},
	Date-Added = {2014-03-11T16:26:31GMT},
	Date-Modified = {2014-03-13T14:07:22GMT},
	Doi = {10.1145/2047196.2047270},
	File = {{UIST '11 2011 Izadi.pdf:/Users/pascalknierim/Documents/Studium/Masterarbeit/Paper/Articles/2011/Izadi/UIST '11 2011 Izadi.pdf:application/pdf}},
	Isbn = {9781450307161},
	Local-Url = {file://localhost/Users/pascalknierim/Documents/Studium/Masterarbeit/Paper/Articles/2011/Izadi/UIST%20'11%202011%20Izadi.pdf},
	Pages = {559--568},
	Publisher = {ACM Press},
	Rating = {0},
	Title = {{KinectFusion}},
	Uri = {\url{papers2://publication/doi/10.1145/2047196.2047270}},
	Url = {http://dl.acm.org/citation.cfm?doid=2047196.2047270},
	Year = {2011},
	Bdsk-File-1 = {YnBsaXN0MDDUAQIDBAUGJCVYJHZlcnNpb25YJG9iamVjdHNZJGFyY2hpdmVyVCR0b3ASAAGGoKgHCBMUFRYaIVUkbnVsbNMJCgsMDxJXTlMua2V5c1pOUy5vYmplY3RzViRjbGFzc6INDoACgAOiEBGABIAFgAdccmVsYXRpdmVQYXRoWWFsaWFzRGF0YV8QNC4uL1BhcGVyL0FydGljbGVzLzIwMTEvSXphZGkvVUlTVCAnMTEgMjAxMSBJemFkaS5wZGbSFwsYGVdOUy5kYXRhTxECKAAAAAACKAACAAAMTWFjaW50b3NoIEhEAAAAAAAAAAAAAAAAAAAAzmYEF0grAAAAx1psF1VJU1QgJzExIDIwMTEgSXphZGkucGRmAAAAAAAAAAAAAAAAAAAAAAAAAAAAAAAAAAAAAAAAAAAAAAAAAAAAAADHWm3PYy7XAAAAAAAAAAAAAQAFAAAJIAAAAAAAAAAAAAAAAAAAAAVJemFkaQAAEAAIAADOZef3AAAAEQAIAADPYxK3AAAAAQAkAMdabADHWmcAx1oXABkj8QAYnjYAGJp9AAbp0QAG6dAAAmB1AAIAek1hY2ludG9zaCBIRDpVc2VyczoAcGFzY2Fsa25pZXJpbToARG9jdW1lbnRzOgBTdHVkaXVtOgBNYXN0ZXJhcmJlaXQ6AFBhcGVyOgBBcnRpY2xlczoAMjAxMToASXphZGk6AFVJU1QgJzExIDIwMTEgSXphZGkucGRmAA4AMAAXAFUASQBTAFQAIAAnADEAMQAgADIAMAAxADEAIABJAHoAYQBkAGkALgBwAGQAZgAPABoADABNAGEAYwBpAG4AdABvAHMAaAAgAEgARAASAGRVc2Vycy9wYXNjYWxrbmllcmltL0RvY3VtZW50cy9TdHVkaXVtL01hc3RlcmFyYmVpdC9QYXBlci9BcnRpY2xlcy8yMDExL0l6YWRpL1VJU1QgJzExIDIwMTEgSXphZGkucGRmABMAAS8AABUAAgAU//8AAIAG0hscHR5aJGNsYXNzbmFtZVgkY2xhc3Nlc11OU011dGFibGVEYXRhox0fIFZOU0RhdGFYTlNPYmplY3TSGxwiI1xOU0RpY3Rpb25hcnmiIiBfEA9OU0tleWVkQXJjaGl2ZXLRJidUcm9vdIABAAgAEQAaACMALQAyADcAQABGAE0AVQBgAGcAagBsAG4AcQBzAHUAdwCEAI4AxQDKANIC/gMAAwUDEAMZAycDKwMyAzsDQANNA1ADYgNlA2oAAAAAAAACAQAAAAAAAAAoAAAAAAAAAAAAAAAAAAADbA==},
	Bdsk-Url-1 = {http://dl.acm.org/citation.cfm?doid=2047196.2047270},
	Bdsk-Url-2 = {http://dx.doi.org/10.1145/2047196.2047270}}

@inproceedings{McFarlane:2009jz,
	Address = {New York, New York, USA},
	Annote = {Focus: Impact of a wearable projector camera system and use in extreme mobile teamwork. Evaluate how such a system can improve situational awareness. 

Situational awareness: perception of the elements in the environment within the volume of time and space  (Endsley, 1995, p. 36)

Situational impairments: negative impact on performance caused by distraction and context. Can also affect primary task e.g. using phone while driving. Reasons and dependencies of SI are described. Human developed strategies for limited access (SI)

Many solution are developed but show only unsatisfactory support 

Requirements for SASO:
	Portability  
	Unencumbered interaction: vision based
	minimal demand on eyes
	Team Collaboration 

REF 19: Semi-Structured expert review method!!!!},
	Author = {McFarlane, Daniel C. and Wilder, Steven M.},
	Booktitle = {Proceedings of the 11th International Conference on Ubiquitous Computing},
	Date-Added = {2013-10-03T11:48:52GMT},
	Date-Modified = {2014-04-29 16:46:35 +0000},
	Doi = {10.1145/1620545.1620577},
	Pages = {205--214},
	Publisher = {ACM},
	Rating = {0},
	Read = {Yes},
	Series = {Ubicomp '09},
	Title = {Interactive Dirt: Increasing Mobile Work Performance with a Wearable Projector-camera System},
	Year = {2009},
	Bdsk-File-1 = {YnBsaXN0MDDUAQIDBAUGJCVYJHZlcnNpb25YJG9iamVjdHNZJGFyY2hpdmVyVCR0b3ASAAGGoKgHCBMUFRYaIVUkbnVsbNMJCgsMDxJXTlMua2V5c1pOUy5vYmplY3RzViRjbGFzc6INDoACgAOiEBGABIAFgAdccmVsYXRpdmVQYXRoWWFsaWFzRGF0YV8QOy4uL1BhcGVyL0FydGljbGVzLzIwMDkvTWNGYXJsYW5lL01VTSAnMTIgMjAwOSBNY0ZhcmxhbmUucGRm0hcLGBlXTlMuZGF0YU8RAkIAAAAAAkIAAgAADE1hY2ludG9zaCBIRAAAAAAAAAAAAAAAAAAAAM5mBBdIKwAAAMdaSBpNVU0gJzEyIDIwMDkgTWNGYXJsYW5lLnBkZgAAAAAAAAAAAAAAAAAAAAAAAAAAAAAAAAAAAAAAAAAAAAAAAAAAx1pJz2Mu1gAAAAAAAAAAAAEABQAACSAAAAAAAAAAAAAAAAAAAAAJTWNGYXJsYW5lAAAQAAgAAM5l5/cAAAARAAgAAM9jErYAAAABACQAx1pIAMdaQgDHWhcAGSPxABieNgAYmn0ABunRAAbp0AACYHUAAgCBTWFjaW50b3NoIEhEOlVzZXJzOgBwYXNjYWxrbmllcmltOgBEb2N1bWVudHM6AFN0dWRpdW06AE1hc3RlcmFyYmVpdDoAUGFwZXI6AEFydGljbGVzOgAyMDA5OgBNY0ZhcmxhbmU6AE1VTSAnMTIgMjAwOSBNY0ZhcmxhbmUucGRmAAAOADYAGgBNAFUATQAgACcAMQAyACAAMgAwADAAOQAgAE0AYwBGAGEAcgBsAGEAbgBlAC4AcABkAGYADwAaAAwATQBhAGMAaQBuAHQAbwBzAGgAIABIAEQAEgBrVXNlcnMvcGFzY2Fsa25pZXJpbS9Eb2N1bWVudHMvU3R1ZGl1bS9NYXN0ZXJhcmJlaXQvUGFwZXIvQXJ0aWNsZXMvMjAwOS9NY0ZhcmxhbmUvTVVNICcxMiAyMDA5IE1jRmFybGFuZS5wZGYAABMAAS8AABUAAgAU//8AAIAG0hscHR5aJGNsYXNzbmFtZVgkY2xhc3Nlc11OU011dGFibGVEYXRhox0fIFZOU0RhdGFYTlNPYmplY3TSGxwiI1xOU0RpY3Rpb25hcnmiIiBfEA9OU0tleWVkQXJjaGl2ZXLRJidUcm9vdIABAAgAEQAaACMALQAyADcAQABGAE0AVQBgAGcAagBsAG4AcQBzAHUAdwCEAI4AzADRANkDHwMhAyYDMQM6A0gDTANTA1wDYQNuA3EDgwOGA4sAAAAAAAACAQAAAAAAAAAoAAAAAAAAAAAAAAAAAAADjQ==},
	Bdsk-Url-1 = {http://portal.acm.org/citation.cfm?doid=1620545.1620577},
	Bdsk-Url-2 = {http://dx.doi.org/10.1145/1620545.1620577}}

@inproceedings{Pranavv:2009bo,
	Address = {New York, New York, USA},
	Annote = {http://www.pranavmistry.com/projects/sixthsense/

Focus on novel free hand gestural interaction. Therefore a interactive system its developed containing a projector, camera and colored marked to track gestures.

Created/analyze popular interactive multitouch based gestures 

They build a Prototype an plan several improvements; 
	marker less, smaller, tracking and distortion correction, },
	Author = {Mistry, Pranav and Maes, Pattie and Chang, Liyan},
	Booktitle = {CHI '09 Extended Abstracts on Human Factors in Computing Systems},
	Date-Added = {2013-10-03T11:49:16GMT},
	Date-Modified = {2014-04-29 16:50:21 +0000},
	Doi = {10.1145/1520340.1520626},
	Pages = {4111--4116},
	Publisher = {ACM},
	Rating = {0},
	Read = {Yes},
	Series = {CHI EA '09},
	Title = {WUW - Wear Ur World: A Wearable Gestural Interface},
	Year = {2009},
	Bdsk-File-1 = {YnBsaXN0MDDUAQIDBAUGJCVYJHZlcnNpb25YJG9iamVjdHNZJGFyY2hpdmVyVCR0b3ASAAGGoKgHCBMUFRYaIVUkbnVsbNMJCgsMDxJXTlMua2V5c1pOUy5vYmplY3RzViRjbGFzc6INDoACgAOiEBGABIAFgAdccmVsYXRpdmVQYXRoWWFsaWFzRGF0YV8QOi4uL1BhcGVyL0FydGljbGVzLzIwMDkvUHJhbmF2di9DSEkgRUEgJzA5IDIwMDkgUHJhbmF2di5wZGbSFwsYGVdOUy5kYXRhTxECPgAAAAACPgACAAAMTWFjaW50b3NoIEhEAAAAAAAAAAAAAAAAAAAAzmYEF0grAAAAx1pKG0NISSBFQSAnMDkgMjAwOSBQcmFuYXZ2LnBkZgAAAAAAAAAAAAAAAAAAAAAAAAAAAAAAAAAAAAAAAAAAAAAAAADHWkvPYy7WAAAAAAAAAAAAAQAFAAAJIAAAAAAAAAAAAAAAAAAAAAdQcmFuYXZ2AAAQAAgAAM5l5/cAAAARAAgAAM9jErYAAAABACQAx1pKAMdaQgDHWhcAGSPxABieNgAYmn0ABunRAAbp0AACYHUAAgCATWFjaW50b3NoIEhEOlVzZXJzOgBwYXNjYWxrbmllcmltOgBEb2N1bWVudHM6AFN0dWRpdW06AE1hc3RlcmFyYmVpdDoAUGFwZXI6AEFydGljbGVzOgAyMDA5OgBQcmFuYXZ2OgBDSEkgRUEgJzA5IDIwMDkgUHJhbmF2di5wZGYADgA4ABsAQwBIAEkAIABFAEEAIAAnADAAOQAgADIAMAAwADkAIABQAHIAYQBuAGEAdgB2AC4AcABkAGYADwAaAAwATQBhAGMAaQBuAHQAbwBzAGgAIABIAEQAEgBqVXNlcnMvcGFzY2Fsa25pZXJpbS9Eb2N1bWVudHMvU3R1ZGl1bS9NYXN0ZXJhcmJlaXQvUGFwZXIvQXJ0aWNsZXMvMjAwOS9QcmFuYXZ2L0NISSBFQSAnMDkgMjAwOSBQcmFuYXZ2LnBkZgATAAEvAAAVAAIAFP//AACABtIbHB0eWiRjbGFzc25hbWVYJGNsYXNzZXNdTlNNdXRhYmxlRGF0YaMdHyBWTlNEYXRhWE5TT2JqZWN00hscIiNcTlNEaWN0aW9uYXJ5oiIgXxAPTlNLZXllZEFyY2hpdmVy0SYnVHJvb3SAAQAIABEAGgAjAC0AMgA3AEAARgBNAFUAYABnAGoAbABuAHEAcwB1AHcAhACOAMsA0ADYAxoDHAMhAywDNQNDA0cDTgNXA1wDaQNsA34DgQOGAAAAAAAAAgEAAAAAAAAAKAAAAAAAAAAAAAAAAAAAA4g=},
	Bdsk-Url-1 = {http://portal.acm.org/citation.cfm?doid=1520340.1520626},
	Bdsk-Url-2 = {http://dx.doi.org/10.1145/1520340.1520626}}

@article{Kane:2009ue,
	Author = {Kane, Shaun K and Avrahami, Daniel and Wobbrock, Jacob O and Harrison, Beverly and Rea, Adam D and Philipose, Matthai and LaMarca, Anthony},
	Date-Added = {2014-03-11T16:28:46GMT},
	Date-Modified = {2014-04-21T11:13:08GMT},
	File = {{2009 Kane.pdf:/Users/pascalknierim/Documents/Studium/Masterarbeit/Paper/Articles/2009/Kane/2009 Kane.pdf:application/pdf}},
	Isbn = {1605587451},
	Local-Url = {file://localhost/Users/pascalknierim/Documents/Studium/Masterarbeit/Paper/Articles/2009/Kane/2009%20Kane.pdf},
	Pages = {129--138},
	Publisher = {ACM},
	Rating = {0},
	Read = {Yes},
	Title = {{Bonfire: a nomadic system for hybrid laptop-tabletop interaction}},
	Uri = {\url{papers2://publication/uuid/E390EC83-E452-40F2-AD50-56F7B50833A3}},
	Url = {http://dl.acm.org/citation.cfm?id=1622202},
	Year = {2009},
	Bdsk-File-1 = {YnBsaXN0MDDUAQIDBAUGJCVYJHZlcnNpb25YJG9iamVjdHNZJGFyY2hpdmVyVCR0b3ASAAGGoKgHCBMUFRYaIVUkbnVsbNMJCgsMDxJXTlMua2V5c1pOUy5vYmplY3RzViRjbGFzc6INDoACgAOiEBGABIAFgAdccmVsYXRpdmVQYXRoWWFsaWFzRGF0YV8QKS4uL1BhcGVyL0FydGljbGVzLzIwMDkvS2FuZS8yMDA5IEthbmUucGRm0hcLGBlXTlMuZGF0YU8RAf4AAAAAAf4AAgAADE1hY2ludG9zaCBIRAAAAAAAAAAAAAAAAAAAAM5mBBdIKwAAAMdaRg0yMDA5IEthbmUucGRmAAAAAAAAAAAAAAAAAAAAAAAAAAAAAAAAAAAAAAAAAAAAAAAAAAAAAAAAAAAAAAAAAAAAx1pHz2Mu1gAAAAAAAAAAAAEABQAACSAAAAAAAAAAAAAAAAAAAAAES2FuZQAQAAgAAM5l5/cAAAARAAgAAM9jErYAAAABACQAx1pGAMdaQgDHWhcAGSPxABieNgAYmn0ABunRAAbp0AACYHUAAgBvTWFjaW50b3NoIEhEOlVzZXJzOgBwYXNjYWxrbmllcmltOgBEb2N1bWVudHM6AFN0dWRpdW06AE1hc3RlcmFyYmVpdDoAUGFwZXI6AEFydGljbGVzOgAyMDA5OgBLYW5lOgAyMDA5IEthbmUucGRmAAAOABwADQAyADAAMAA5ACAASwBhAG4AZQAuAHAAZABmAA8AGgAMAE0AYQBjAGkAbgB0AG8AcwBoACAASABEABIAWVVzZXJzL3Bhc2NhbGtuaWVyaW0vRG9jdW1lbnRzL1N0dWRpdW0vTWFzdGVyYXJiZWl0L1BhcGVyL0FydGljbGVzLzIwMDkvS2FuZS8yMDA5IEthbmUucGRmAAATAAEvAAAVAAIAFP//AACABtIbHB0eWiRjbGFzc25hbWVYJGNsYXNzZXNdTlNNdXRhYmxlRGF0YaMdHyBWTlNEYXRhWE5TT2JqZWN00hscIiNcTlNEaWN0aW9uYXJ5oiIgXxAPTlNLZXllZEFyY2hpdmVy0SYnVHJvb3SAAQAIABEAGgAjAC0AMgA3AEAARgBNAFUAYABnAGoAbABuAHEAcwB1AHcAhACOALoAvwDHAskCywLQAtsC5ALyAvYC/QMGAwsDGAMbAy0DMAM1AAAAAAAAAgEAAAAAAAAAKAAAAAAAAAAAAAAAAAAAAzc=},
	Bdsk-Url-1 = {http://dl.acm.org/citation.cfm?id=1622202}}

@inproceedings{Weissmann:2013uj,
	Address = {Cambridge},
	Author = {Weissmann, Ben and Linder, Natan and Kubat, Rony and Maes, Pattie},
	Booktitle = {EECScon},
	Date-Added = {2014-03-25T12:46:30GMT},
	Date-Modified = {2014-04-29 17:00:21 +0000},
	Month = apr,
	Rating = {0},
	Read = {Yes},
	Title = {{Lens: A Javascript SDK for Building Web-Based Augmented Reality Applications on the LuminAR Platform.}},
	Year = {2013},
	Bdsk-File-1 = {YnBsaXN0MDDUAQIDBAUGJCVYJHZlcnNpb25YJG9iamVjdHNZJGFyY2hpdmVyVCR0b3ASAAGGoKgHCBMUFRYaIVUkbnVsbNMJCgsMDxJXTlMua2V5c1pOUy5vYmplY3RzViRjbGFzc6INDoACgAOiEBGABIAFgAdccmVsYXRpdmVQYXRoWWFsaWFzRGF0YV8QOy4uL1BhcGVyL0FydGljbGVzLzIwMTMvV2Vpc3NtYW5uL0VFQ1Njb24gMjAxMyBXZWlzc21hbm4ucGRm0hcLGBlXTlMuZGF0YU8RAkIAAAAAAkIAAgAADE1hY2ludG9zaCBIRAAAAAAAAAAAAAAAAAAAAM5mBBdIKwAAAMdajxpFRUNTY29uIDIwMTMgV2Vpc3NtYW5uLnBkZgAAAAAAAAAAAAAAAAAAAAAAAAAAAAAAAAAAAAAAAAAAAAAAAAAAx1qQz2Mu2AAAAAAAAAAAAAEABQAACSAAAAAAAAAAAAAAAAAAAAAJV2Vpc3NtYW5uAAAQAAgAAM5l5/cAAAARAAgAAM9jErgAAAABACQAx1qPAMdaigDHWhcAGSPxABieNgAYmn0ABunRAAbp0AACYHUAAgCBTWFjaW50b3NoIEhEOlVzZXJzOgBwYXNjYWxrbmllcmltOgBEb2N1bWVudHM6AFN0dWRpdW06AE1hc3RlcmFyYmVpdDoAUGFwZXI6AEFydGljbGVzOgAyMDEzOgBXZWlzc21hbm46AEVFQ1Njb24gMjAxMyBXZWlzc21hbm4ucGRmAAAOADYAGgBFAEUAQwBTAGMAbwBuACAAMgAwADEAMwAgAFcAZQBpAHMAcwBtAGEAbgBuAC4AcABkAGYADwAaAAwATQBhAGMAaQBuAHQAbwBzAGgAIABIAEQAEgBrVXNlcnMvcGFzY2Fsa25pZXJpbS9Eb2N1bWVudHMvU3R1ZGl1bS9NYXN0ZXJhcmJlaXQvUGFwZXIvQXJ0aWNsZXMvMjAxMy9XZWlzc21hbm4vRUVDU2NvbiAyMDEzIFdlaXNzbWFubi5wZGYAABMAAS8AABUAAgAU//8AAIAG0hscHR5aJGNsYXNzbmFtZVgkY2xhc3Nlc11OU011dGFibGVEYXRhox0fIFZOU0RhdGFYTlNPYmplY3TSGxwiI1xOU0RpY3Rpb25hcnmiIiBfEA9OU0tleWVkQXJjaGl2ZXLRJidUcm9vdIABAAgAEQAaACMALQAyADcAQABGAE0AVQBgAGcAagBsAG4AcQBzAHUAdwCEAI4AzADRANkDHwMhAyYDMQM6A0gDTANTA1wDYQNuA3EDgwOGA4sAAAAAAAACAQAAAAAAAAAoAAAAAAAAAAAAAAAAAAADjQ==},
	Bdsk-Url-1 = {http://fluid.media.mit.edu/sites/default/files/poster-final-small.pdf}}

@online{Pranavv:2013ng,
	Annote = {Focus: 

INTEGRATIng information to everyday objects to close the gab between digital and reals world! 

Bringin technology to masses !!!!^



},
	Author = {Pranavv, Mistry},
	Date-Added = {2013-10-03T11:51:17GMT},
	Date-Modified = {2014-04-29 17:22:27 +0000},
	Rating = {0},
	Read = {Yes},
	Title = {{SixthSense - a wearable gestural interface (MIT Media Lab)}},
	Url = {http://www.pranavmistry.com/projects/sixthsense/},
	Urldate = {2014-12-03},
	Bdsk-Url-1 = {http://www.pranavmistry.com/projects/sixthsense/}}

@inproceedings{Molyneaux:2012wo,
	Abstract = {This paper presents two novel handheld projector systems for indoor pervasive computing spaces. These projection-based devices are "aware" of their environment in ways not demonstrated previously. They offer both spatial awareness, where the system},
	Annote = {Present novel environment aware projects.
these enable new interaction possibilities like shadow based inteteraciton. 
First hight env. effort (4 kinect in toom)
Secont Slam approach 

},
	Author = {Molyneaux, David and Izadi, Shahram and Kim, David and Hilliges, Otmar and Hodges, Steve and Cao, Xiang and Butler, Alex and Gellersen, Hans},
	Booktitle = {Pervasive'12: Proceedings of the 10th international conference on Pervasive Computing},
	Date-Added = {2013-10-03T11:54:38GMT},
	Date-Modified = {2014-04-29 16:44:40 +0000},
	Month = jun,
	Pages = {197--215},
	Publisher = {Springer},
	Rating = {0},
	Read = {Yes},
	Title = {Interactive environment-aware handheld projectors for pervasive computing spaces},
	Year = {2012},
	Bdsk-File-1 = {YnBsaXN0MDDUAQIDBAUGJCVYJHZlcnNpb25YJG9iamVjdHNZJGFyY2hpdmVyVCR0b3ASAAGGoKgHCBMUFRYaIVUkbnVsbNMJCgsMDxJXTlMua2V5c1pOUy5vYmplY3RzViRjbGFzc6INDoACgAOiEBGABIAFgAdccmVsYXRpdmVQYXRoWWFsaWFzRGF0YV8QMy4uL1BhcGVyL0FydGljbGVzLzIwMTIvTW9seW5lYXV4LzIwMTIgTW9seW5lYXV4LnBkZtIXCxgZV05TLmRhdGFPEQIiAAAAAAIiAAIAAAxNYWNpbnRvc2ggSEQAAAAAAAAAAAAAAAAAAADOZgQXSCsAAADHWn4SMjAxMiBNb2x5bmVhdXgucGRmAAAAAAAAAAAAAAAAAAAAAAAAAAAAAAAAAAAAAAAAAAAAAAAAAAAAAAAAAAAAAMdaf89jLtcAAAAAAAAAAAABAAUAAAkgAAAAAAAAAAAAAAAAAAAACU1vbHluZWF1eAAAEAAIAADOZef3AAAAEQAIAADPYxK3AAAAAQAkAMdafgDHWnAAx1oXABkj8QAYnjYAGJp9AAbp0QAG6dAAAmB1AAIAeU1hY2ludG9zaCBIRDpVc2VyczoAcGFzY2Fsa25pZXJpbToARG9jdW1lbnRzOgBTdHVkaXVtOgBNYXN0ZXJhcmJlaXQ6AFBhcGVyOgBBcnRpY2xlczoAMjAxMjoATW9seW5lYXV4OgAyMDEyIE1vbHluZWF1eC5wZGYAAA4AJgASADIAMAAxADIAIABNAG8AbAB5AG4AZQBhAHUAeAAuAHAAZABmAA8AGgAMAE0AYQBjAGkAbgB0AG8AcwBoACAASABEABIAY1VzZXJzL3Bhc2NhbGtuaWVyaW0vRG9jdW1lbnRzL1N0dWRpdW0vTWFzdGVyYXJiZWl0L1BhcGVyL0FydGljbGVzLzIwMTIvTW9seW5lYXV4LzIwMTIgTW9seW5lYXV4LnBkZgAAEwABLwAAFQACABT//wAAgAbSGxwdHlokY2xhc3NuYW1lWCRjbGFzc2VzXU5TTXV0YWJsZURhdGGjHR8gVk5TRGF0YVhOU09iamVjdNIbHCIjXE5TRGljdGlvbmFyeaIiIF8QD05TS2V5ZWRBcmNoaXZlctEmJ1Ryb290gAEACAARABoAIwAtADIANwBAAEYATQBVAGAAZwBqAGwAbgBxAHMAdQB3AIQAjgDEAMkA0QL3AvkC/gMJAxIDIAMkAysDNAM5A0YDSQNbA14DYwAAAAAAAAIBAAAAAAAAACgAAAAAAAAAAAAAAAAAAANl},
	Bdsk-Url-1 = {http://portal.acm.org/citation.cfm?id=2367310.2367327&coll=DL&dl=GUIDE&CFID=251043358&CFTOKEN=81807348}}

@online{Blue:2014ab,
	Author = {Optics, Light Blue},
	Date-Added = {2014-03-13T13:55:31GMT},
	Date-Modified = {2014-04-29 16:47:39 +0000},
	Rating = {0},
	Read = {Yes},
	Title = {{Light Blue Optics}},
	Url = {http://lightblueoptics.com/},
	Urldate = {2014-14-03},
	Bdsk-Url-1 = {http://lightblueoptics.com/}}

@inproceedings{Pinhanez:2001vn,
	Annote = {Alt aber wichtig ! !!!
REF 5 automatic calibration(loaded) 
REF 6 fettes buch{\ldots}?

Common Facts are described 
-Brightnes and contrast
-Correction distortion; rectify 
-Focus problem
-Loss of resolution
-obstruction (occlusion)
-ED interactive 


Idea to use a LED-Projector to project his to different surfaces by a movable mirror. UIs distortion is corrected by graphical system. Furthermore a video camera detects user interaction

Idea of collaborative work already exists 
as well as reuse at different spots. 

Idea of everywhere  public displays, 
benefit: equipment can't be stolen/broken. Display becomes service in Public space.

Already feasible: enough computonal power and bright enough 10 Times brighter than surroundings.

Tables need projections with more light du to the fact, that they are orthogonal to the ambient light.

To generate distortion free projection, 3d wold camera system with same settings as projector is used. to render the virtual image --{\&}gt; project in real world.

App classification 1: computer access from dif. surfaces; 2: Augmented reality

Benefit of ED-projectors: nothing to wear/carry around

4. Ubiquitous:
	-one mounted ED-Projector full filed different purposes.
		example hospital; computer access and TV
	- Collaborative work: Currently Projector produces 'stage' with single point of attention-{\&}gt; bad for collaborative work
usable in: office kindergarden School  
	- everywhere usable, public space (can't be stolen; no hazardous conditions)
	-hazardous kitchen: no risk of spill, fall, short-circuits   -{\&}gt; many use cases !
	- Disabled people:  users don't need to move, display on bed sheet. 

5 Augmented Reality:
	ED-Projector could reach entire room; example library: projection can guide user to find a book. Googles need accurate tracking to be effective!

5.1
different use cases. 
	- Phonebook close to phone
	- db next to shelf with documents
	- navigation
	- affection people; control line of people; red bar on floor (moving, blinking, size)

6. 
Research questions: 
	- chi afforded by everywhere displays 
	-  display is a service by space
	- why desktop, why rectangular frame ?
	- collaboration between human and computer; 
		how can the computer affect people },
	Author = {Pinhanez, Claudio},
	Booktitle = {Proceedings of the 3rd International Conference on Ubiquitous Computing},
	Date-Added = {2013-10-03T11:57:11GMT},
	Date-Modified = {2014-04-29 17:27:17 +0000},
	Pages = {315--331},
	Publisher = {Springer-Verlag},
	Rating = {0},
	Read = {Yes},
	Series = {UbiComp '01},
	Title = {The Everywhere Displays Projector: A Device to Create Ubiquitous Graphical Interfaces},
	Year = {2001},
	Bdsk-File-1 = {YnBsaXN0MDDUAQIDBAUGJCVYJHZlcnNpb25YJG9iamVjdHNZJGFyY2hpdmVyVCR0b3ASAAGGoKgHCBMUFRYaIVUkbnVsbNMJCgsMDxJXTlMua2V5c1pOUy5vYmplY3RzViRjbGFzc6INDoACgAOiEBGABIAFgAdccmVsYXRpdmVQYXRoWWFsaWFzRGF0YV8QMS4uL1BhcGVyL0FydGljbGVzLzIwMDEvUGluaGFuZXovMjAwMSBQaW5oYW5lei5wZGbSFwsYGVdOUy5kYXRhTxECGgAAAAACGgACAAAMTWFjaW50b3NoIEhEAAAAAAAAAAAAAAAAAAAAzmYEF0grAAAAx1ouETIwMDEgUGluaGFuZXoucGRmAAAAAAAAAAAAAAAAAAAAAAAAAAAAAAAAAAAAAAAAAAAAAAAAAAAAAAAAAAAAAADHWi/PYy7VAAAAAAAAAAAAAQAFAAAJIAAAAAAAAAAAAAAAAAAAAAhQaW5oYW5legAQAAgAAM5l5/cAAAARAAgAAM9jErUAAAABACQAx1ouAMdaKQDHWhcAGSPxABieNgAYmn0ABunRAAbp0AACYHUAAgB3TWFjaW50b3NoIEhEOlVzZXJzOgBwYXNjYWxrbmllcmltOgBEb2N1bWVudHM6AFN0dWRpdW06AE1hc3RlcmFyYmVpdDoAUGFwZXI6AEFydGljbGVzOgAyMDAxOgBQaW5oYW5lejoAMjAwMSBQaW5oYW5lei5wZGYAAA4AJAARADIAMAAwADEAIABQAGkAbgBoAGEAbgBlAHoALgBwAGQAZgAPABoADABNAGEAYwBpAG4AdABvAHMAaAAgAEgARAASAGFVc2Vycy9wYXNjYWxrbmllcmltL0RvY3VtZW50cy9TdHVkaXVtL01hc3RlcmFyYmVpdC9QYXBlci9BcnRpY2xlcy8yMDAxL1BpbmhhbmV6LzIwMDEgUGluaGFuZXoucGRmAAATAAEvAAAVAAIAFP//AACABtIbHB0eWiRjbGFzc25hbWVYJGNsYXNzZXNdTlNNdXRhYmxlRGF0YaMdHyBWTlNEYXRhWE5TT2JqZWN00hscIiNcTlNEaWN0aW9uYXJ5oiIgXxAPTlNLZXllZEFyY2hpdmVy0SYnVHJvb3SAAQAIABEAGgAjAC0AMgA3AEAARgBNAFUAYABnAGoAbABuAHEAcwB1AHcAhACOAMIAxwDPAu0C7wL0Av8DCAMWAxoDIQMqAy8DPAM/A1EDVANZAAAAAAAAAgEAAAAAAAAAKAAAAAAAAAAAAAAAAAAAA1s=},
	Bdsk-Url-1 = {http://link.springer.com/chapter/10.1007/3-540-45427-6_27}}

@inproceedings{Rekimoto:1999iz,
	Abstract = {Abstract This paper describes our design and implementation of a computer augmented environment that allows users to smoothly interchange digital information among their portable computers , table and wall displays, and other physical objects. Supported by a ... 
},
	Address = {New York, New York, USA},
	Annote = {Laser input techniques.

from: Beamatron
},
	Author = {Rekimoto, Jun and Saitoh, Masanori},
	Booktitle = {the SIGCHI Conference},
	Date-Added = {2013-10-14T13:41:05GMT},
	Date-Modified = {2014-04-25T13:06:05GMT},
	Doi = {10.1145/302979.303113},
	File = {{CHI '13 1999 Rekimoto.pdf:/Users/pascalknierim/Documents/Studium/Masterarbeit/Paper/Articles/1999/Rekimoto/CHI '13 1999 Rekimoto.pdf:application/pdf}},
	Isbn = {0201485591},
	Local-Url = {file://localhost/Users/pascalknierim/Documents/Studium/Masterarbeit/Paper/Articles/1999/Rekimoto/CHI%20'13%201999%20Rekimoto.pdf},
	Pages = {378--385},
	Publisher = {ACM Press},
	Rating = {0},
	Read = {Yes},
	Title = {{Augmented surfaces}},
	Uri = {\url{papers2://publication/doi/10.1145/302979.303113}},
	Url = {http://portal.acm.org/citation.cfm?doid=302979.303113},
	Year = {1999},
	Bdsk-File-1 = {YnBsaXN0MDDUAQIDBAUGJCVYJHZlcnNpb25YJG9iamVjdHNZJGFyY2hpdmVyVCR0b3ASAAGGoKgHCBMUFRYaIVUkbnVsbNMJCgsMDxJXTlMua2V5c1pOUy5vYmplY3RzViRjbGFzc6INDoACgAOiEBGABIAFgAdccmVsYXRpdmVQYXRoWWFsaWFzRGF0YV8QOS4uL1BhcGVyL0FydGljbGVzLzE5OTkvUmVraW1vdG8vQ0hJICcxMyAxOTk5IFJla2ltb3RvLnBkZtIXCxgZV05TLmRhdGFPEQI6AAAAAAI6AAIAAAxNYWNpbnRvc2ggSEQAAAAAAAAAAAAAAAAAAADOZgQXSCsAAADHWiIZQ0hJICcxMyAxOTk5IFJla2ltb3RvLnBkZgAAAAAAAAAAAAAAAAAAAAAAAAAAAAAAAAAAAAAAAAAAAAAAAAAAAMdaI89jLtUAAAAAAAAAAAABAAUAAAkgAAAAAAAAAAAAAAAAAAAACFJla2ltb3RvABAACAAAzmXn9wAAABEACAAAz2MStQAAAAEAJADHWiIAx1ohAMdaFwAZI/EAGJ42ABiafQAG6dEABunQAAJgdQACAH9NYWNpbnRvc2ggSEQ6VXNlcnM6AHBhc2NhbGtuaWVyaW06AERvY3VtZW50czoAU3R1ZGl1bToATWFzdGVyYXJiZWl0OgBQYXBlcjoAQXJ0aWNsZXM6ADE5OTk6AFJla2ltb3RvOgBDSEkgJzEzIDE5OTkgUmVraW1vdG8ucGRmAAAOADQAGQBDAEgASQAgACcAMQAzACAAMQA5ADkAOQAgAFIAZQBrAGkAbQBvAHQAbwAuAHAAZABmAA8AGgAMAE0AYQBjAGkAbgB0AG8AcwBoACAASABEABIAaVVzZXJzL3Bhc2NhbGtuaWVyaW0vRG9jdW1lbnRzL1N0dWRpdW0vTWFzdGVyYXJiZWl0L1BhcGVyL0FydGljbGVzLzE5OTkvUmVraW1vdG8vQ0hJICcxMyAxOTk5IFJla2ltb3RvLnBkZgAAEwABLwAAFQACABT//wAAgAbSGxwdHlokY2xhc3NuYW1lWCRjbGFzc2VzXU5TTXV0YWJsZURhdGGjHR8gVk5TRGF0YVhOU09iamVjdNIbHCIjXE5TRGljdGlvbmFyeaIiIF8QD05TS2V5ZWRBcmNoaXZlctEmJ1Ryb290gAEACAARABoAIwAtADIANwBAAEYATQBVAGAAZwBqAGwAbgBxAHMAdQB3AIQAjgDKAM8A1wMVAxcDHAMnAzADPgNCA0kDUgNXA2QDZwN5A3wDgQAAAAAAAAIBAAAAAAAAACgAAAAAAAAAAAAAAAAAAAOD},
	Bdsk-Url-1 = {http://portal.acm.org/citation.cfm?doid=302979.303113},
	Bdsk-Url-2 = {http://dx.doi.org/10.1145/302979.303113}}

@misc{Anonymous:QJL7w_S-,
	Author = {{OM Interactive Ltd}},
	Date-Added = {2014-03-26T13:06:12GMT},
	Date-Modified = {2014-05-01 14:45:59 +0000},
	Rating = {0},
	Read = {Yes},
	Title = {OM Interactive: omiVista Interactive Projection},
	Uri = {\url{papers2://publication/uuid/4092FBC3-F4BE-4886-A74C-39E7FE443705}},
	Url = {http://om-interactive.com/interactive_projection.html},
	Urldate = {2013-15-11},
	Bdsk-Url-1 = {http://om-interactive.com/interactive_projection.html}}

@online{Anonymous:NA7eH3SN,
	Author = {Perkins, Michelle},
	Date-Added = {2014-03-26T13:39:47GMT},
	Date-Modified = {2014-04-29 16:48:53 +0000},
	Rating = {0},
	Read = {Yes},
	Title = {{CES 2010: Light Blue Optics launch ``Light Touch'' | Digital Media Blog}},
	Url = {http://blogs.adobe.com/digitalmedia/2010/01/ces_2010_light_blue_optics_lau/},
	Urrldate = {2014-03-16},
	Bdsk-Url-1 = {http://blogs.adobe.com/digitalmedia/2010/01/ces_2010_light_blue_optics_lau/}}

@inproceedings{Holz:2010hn,
	Abstract = {It is generally assumed that touch input cannot be accurate because of the fat finger problem, i.e., the softness of the fingertip combined with the occlusion of the target by the finger. In this paper, we show that this is not the case. We base our},
	Annote = {inaccurate touch input is not caused by fat finger problem: softnes of the fingertip and occliusion 
   it ist caused by not sensing the finger posture, therfore touch location has an offset; user specifc 

How to examine inaccurate touch: user sutdie with repeatet touch on small target! 

Based on FAT-FINGER target has to be 10,5 to 26mm in size for reliable acquisition

Claim that inverse offset depends on yaw, pitch, toll and user.

Real Problem is not the fat finger problem but a lac of distiguish betwenn users and finger posture 

Relatet Work:
Target aids; Solve occlusion by Zoming or seperating hand from pointer

Sensing Finger Anger (yaw,roll,pith)
  Microsoft surfcae by analyzing diffuse reflection of the hand

Study desing:
  - controlled parallax
  - Extended cross hairs
  - foot-switch
  - use as much time as necessary  


Angle has impact on touch location
PITCH primarily impact touch location in finger direction
ROLL: also impact on locatin in finger direction

Accuracy depends on cluster size, not distance to target since a correct model will compensate is; depending on pitch yaw roll and so on ! 
 },
	Author = {Holz, Christian and Baudisch, Patrick},
	Booktitle = {CHI '10: Proceedings of the SIGCHI Conference on Human Factors in Computing Systems},
	Date-Added = {2013-09-17T09:05:24GMT},
	Date-Modified = {2013-10-26T12:48:05GMT},
	Doi = {10.1145/1753326.1753413},
	File = {{2010 Holz.pdf:/Users/pascalknierim/Documents/Studium/Masterarbeit/Paper/Articles/2010/Holz/2010 Holz.pdf:application/pdf}},
	Local-Url = {file://localhost/Users/pascalknierim/Documents/Studium/Masterarbeit/Paper/Articles/2010/Holz/2010%20Holz.pdf},
	Month = apr,
	Publisher = {ACM Request Permissions},
	Rating = {0},
	Read = {Yes},
	Title = {{The generalized perceived input point model and how to double touch accuracy by extracting fingerprints}},
	Uri = {\url{papers2://publication/doi/10.1145/1753326.1753413}},
	Url = {http://dl.acm.org/citation.cfm?id=1753413},
	Year = {2010},
	Bdsk-File-1 = {YnBsaXN0MDDUAQIDBAUGJCVYJHZlcnNpb25YJG9iamVjdHNZJGFyY2hpdmVyVCR0b3ASAAGGoKgHCBMUFRYaIVUkbnVsbNMJCgsMDxJXTlMua2V5c1pOUy5vYmplY3RzViRjbGFzc6INDoACgAOiEBGABIAFgAdccmVsYXRpdmVQYXRoWWFsaWFzRGF0YV8QKS4uL1BhcGVyL0FydGljbGVzLzIwMTAvSG9sei8yMDEwIEhvbHoucGRm0hcLGBlXTlMuZGF0YU8RAf4AAAAAAf4AAgAADE1hY2ludG9zaCBIRAAAAAAAAAAAAAAAAAAAAM5mBBdIKwAAAMdaVA0yMDEwIEhvbHoucGRmAAAAAAAAAAAAAAAAAAAAAAAAAAAAAAAAAAAAAAAAAAAAAAAAAAAAAAAAAAAAAAAAAAAAx1pVz2Mu1gAAAAAAAAAAAAEABQAACSAAAAAAAAAAAAAAAAAAAAAESG9segAQAAgAAM5l5/cAAAARAAgAAM9jErYAAAABACQAx1pUAMdaUQDHWhcAGSPxABieNgAYmn0ABunRAAbp0AACYHUAAgBvTWFjaW50b3NoIEhEOlVzZXJzOgBwYXNjYWxrbmllcmltOgBEb2N1bWVudHM6AFN0dWRpdW06AE1hc3RlcmFyYmVpdDoAUGFwZXI6AEFydGljbGVzOgAyMDEwOgBIb2x6OgAyMDEwIEhvbHoucGRmAAAOABwADQAyADAAMQAwACAASABvAGwAegAuAHAAZABmAA8AGgAMAE0AYQBjAGkAbgB0AG8AcwBoACAASABEABIAWVVzZXJzL3Bhc2NhbGtuaWVyaW0vRG9jdW1lbnRzL1N0dWRpdW0vTWFzdGVyYXJiZWl0L1BhcGVyL0FydGljbGVzLzIwMTAvSG9sei8yMDEwIEhvbHoucGRmAAATAAEvAAAVAAIAFP//AACABtIbHB0eWiRjbGFzc25hbWVYJGNsYXNzZXNdTlNNdXRhYmxlRGF0YaMdHyBWTlNEYXRhWE5TT2JqZWN00hscIiNcTlNEaWN0aW9uYXJ5oiIgXxAPTlNLZXllZEFyY2hpdmVy0SYnVHJvb3SAAQAIABEAGgAjAC0AMgA3AEAARgBNAFUAYABnAGoAbABuAHEAcwB1AHcAhACOALoAvwDHAskCywLQAtsC5ALyAvYC/QMGAwsDGAMbAy0DMAM1AAAAAAAAAgEAAAAAAAAAKAAAAAAAAAAAAAAAAAAAAzc=},
	Bdsk-Url-1 = {http://dl.acm.org/citation.cfm?id=1753413},
	Bdsk-Url-2 = {http://dx.doi.org/10.1145/1753326.1753413}}

@inproceedings{Linder:2010cu,
	Abstract = {In this paper we introduce LuminAR: a prototype for a new portable and compact projector-camera system designed to use the traditional incandescent bulb interface as a power source, and a robotic desk lamp that carries it, enabling it with dynamic motion},
	Author = {Linder, Natan and Maes, Pattie},
	Booktitle = {Adjunct Proceedings of the 23nd Annual ACM Symposium on User Interface Software and Technology},
	Date-Added = {2014-03-11T11:39:05GMT},
	Date-Modified = {2014-04-29 16:37:50 +0000},
	Doi = {10.1145/1866218.1866237},
	Pages = {395--396},
	Publisher = {ACM},
	Rating = {0},
	Read = {Yes},
	Series = {UIST '10},
	Title = {LuminAR: Portable Robotic Augmented Reality Interface Design and Prototype},
	Year = {2010},
	Bdsk-File-1 = {YnBsaXN0MDDUAQIDBAUGJCVYJHZlcnNpb25YJG9iamVjdHNZJGFyY2hpdmVyVCR0b3ASAAGGoKgHCBMUFRYaIVUkbnVsbNMJCgsMDxJXTlMua2V5c1pOUy5vYmplY3RzViRjbGFzc6INDoACgAOiEBGABIAFgAdccmVsYXRpdmVQYXRoWWFsaWFzRGF0YV8QLS4uL1BhcGVyL0FydGljbGVzLzIwMTAvTGluZGVyLzIwMTAgTGluZGVyLnBkZtIXCxgZV05TLmRhdGFPEQIMAAAAAAIMAAIAAAxNYWNpbnRvc2ggSEQAAAAAAAAAAAAAAAAAAADOZgQXSCsAAADHWlYPMjAxMCBMaW5kZXIucGRmAAAAAAAAAAAAAAAAAAAAAAAAAAAAAAAAAAAAAAAAAAAAAAAAAAAAAAAAAAAAAAAAAMdaV89jLtYAAAAAAAAAAAABAAUAAAkgAAAAAAAAAAAAAAAAAAAABkxpbmRlcgAQAAgAAM5l5/cAAAARAAgAAM9jErYAAAABACQAx1pWAMdaUQDHWhcAGSPxABieNgAYmn0ABunRAAbp0AACYHUAAgBzTWFjaW50b3NoIEhEOlVzZXJzOgBwYXNjYWxrbmllcmltOgBEb2N1bWVudHM6AFN0dWRpdW06AE1hc3RlcmFyYmVpdDoAUGFwZXI6AEFydGljbGVzOgAyMDEwOgBMaW5kZXI6ADIwMTAgTGluZGVyLnBkZgAADgAgAA8AMgAwADEAMAAgAEwAaQBuAGQAZQByAC4AcABkAGYADwAaAAwATQBhAGMAaQBuAHQAbwBzAGgAIABIAEQAEgBdVXNlcnMvcGFzY2Fsa25pZXJpbS9Eb2N1bWVudHMvU3R1ZGl1bS9NYXN0ZXJhcmJlaXQvUGFwZXIvQXJ0aWNsZXMvMjAxMC9MaW5kZXIvMjAxMCBMaW5kZXIucGRmAAATAAEvAAAVAAIAFP//AACABtIbHB0eWiRjbGFzc25hbWVYJGNsYXNzZXNdTlNNdXRhYmxlRGF0YaMdHyBWTlNEYXRhWE5TT2JqZWN00hscIiNcTlNEaWN0aW9uYXJ5oiIgXxAPTlNLZXllZEFyY2hpdmVy0SYnVHJvb3SAAQAIABEAGgAjAC0AMgA3AEAARgBNAFUAYABnAGoAbABuAHEAcwB1AHcAhACOAL4AwwDLAtsC3QLiAu0C9gMEAwgDDwMYAx0DKgMtAz8DQgNHAAAAAAAAAgEAAAAAAAAAKAAAAAAAAAAAAAAAAAAAA0k=},
	Bdsk-Url-1 = {http://portal.acm.org/citation.cfm?id=1866218.1866237&coll=DL&dl=GUIDE&CFID=419843202&CFTOKEN=94892873},
	Bdsk-Url-2 = {http://dx.doi.org/10.1145/1866218.1866237}}

@book{Preece:1994wi,
	Abstract = {Here is a book which may well become the standard resource in the burgeoning discipline of Human-Computer Interaction (HCI). It takes the reader through all the issues of HCI and shows, via a wealth of examples, how HCI helps in the design of more efficient and usable systems. Interviews with the leaders in HCI give added insight into how key concepts and techniques have evolved.},
	Author = {Preece, Jenny},
	Date-Added = {2014-04-29T14:46:30GMT},
	Date-Modified = {2014-04-29 16:51:31 +0000},
	Publisher = {Addison Wesley Publishing Company},
	Rating = {0},
	Title = {{Human-computer interaction}},
	Year = {1994},
	Bdsk-Url-1 = {http://books.google.de/books?id=p99QAAAAMAAJ&dq=isbn:0201627698&hl=&cd=1&source=gbs_api}}

@online{Mertens:p40QFV-L,
	Author = {Mertens, Ron},
	Date-Added = {2014-04-03T15:45:28GMT},
	Date-Modified = {2014-04-29 16:42:24 +0000},
	Rating = {0},
	Read = {Yes},
	Title = {{Introduction - What is a pico projector?}},
	Url = {http://www.picoprojector-info.com/introduction},
	Urldate = {2014-04-03},
	Bdsk-Url-1 = {http://www.picoprojector-info.com/introduction}}

@article{Schoning:2009dw,
	Abstract = {The advantages of paper-based maps have been utilized in the field of mobile Augmented Reality (AR) in the last few years. Traditional paper-based maps provide high-resolution, large-scale information with zero power consumption. There are numerous implementations},
	Author = {Sch{\"o}ning, Johannes and Rohs, Michael and Kratz, Sven and L{\"o}chtefeld, Markus and Kr{\"u}ger, Antonio},
	Date-Added = {2014-03-11T11:43:25GMT},
	Date-Modified = {2014-03-13T14:07:22GMT},
	Doi = {10.1145/1520340.1520581},
	File = {{2009 Sch{\"o}ning.pdf:/Users/pascalknierim/Documents/Studium/Masterarbeit/Paper/Articles/2009/Sch{\"o}ning/2009 Sch{\"o}ning.pdf:application/pdf}},
	Journal = {CHI EA '09: CHI '09 Extended Abstracts on Human Factors in Computing Systems},
	Local-Url = {file://localhost/Users/pascalknierim/Documents/Studium/Masterarbeit/Paper/Articles/2009/Sch%C3%B6ning/2009%20Sch%C3%B6ning.pdf},
	Month = apr,
	Publisher = {ACM},
	Rating = {0},
	Read = {Yes},
	Title = {{Map torchlight: a mobile augmented reality camera projector unit}},
	Uri = {\url{papers2://publication/doi/10.1145/1520340.1520581}},
	Url = {http://portal.acm.org/citation.cfm?id=1520340.1520581&coll=DL&dl=GUIDE&CFID=419843202&CFTOKEN=94892873},
	Year = {2009},
	Bdsk-File-1 = {YnBsaXN0MDDUAQIDBAUGJCVYJHZlcnNpb25YJG9iamVjdHNZJGFyY2hpdmVyVCR0b3ASAAGGoKgHCBMUFRYaIVUkbnVsbNMJCgsMDxJXTlMua2V5c1pOUy5vYmplY3RzViRjbGFzc6INDoACgAOiEBGABIAFgAdccmVsYXRpdmVQYXRoWWFsaWFzRGF0YW8QMwAuAC4ALwBQAGEAcABlAHIALwBBAHIAdABpAGMAbABlAHMALwAyADAAMAA5AC8AUwBjAGgAbwMIAG4AaQBuAGcALwAyADAAMAA5ACAAUwBjAGgAbwMIAG4AaQBuAGcALgBwAGQAZtIXCxgZV05TLmRhdGFPEQIgAAAAAAIgAAIAAAxNYWNpbnRvc2ggSEQAAAAAAAAAAAAAAAAAAADOZgQXSCsAAADHWkwRMjAwOSBTY2iabmluZy5wZGYAAAAAAAAAAAAAAAAAAAAAAAAAAAAAAAAAAAAAAAAAAAAAAAAAAAAAAAAAAAAAAMdaTc9jLtYAAAAAAAAAAAABAAUAAAkgAAAAAAAAAAAAAAAAAAAACFNjaJpuaW5nABAACAAAzmXn9wAAABEACAAAz2MStgAAAAEAJADHWkwAx1pCAMdaFwAZI/EAGJ42ABiafQAG6dEABunQAAJgdQACAHdNYWNpbnRvc2ggSEQ6VXNlcnM6AHBhc2NhbGtuaWVyaW06AERvY3VtZW50czoAU3R1ZGl1bToATWFzdGVyYXJiZWl0OgBQYXBlcjoAQXJ0aWNsZXM6ADIwMDk6AFNjaJpuaW5nOgAyMDA5IFNjaJpuaW5nLnBkZgAADgAmABIAMgAwADAAOQAgAFMAYwBoAG8DCABuAGkAbgBnAC4AcABkAGYADwAaAAwATQBhAGMAaQBuAHQAbwBzAGgAIABIAEQAEgBlVXNlcnMvcGFzY2Fsa25pZXJpbS9Eb2N1bWVudHMvU3R1ZGl1bS9NYXN0ZXJhcmJlaXQvUGFwZXIvQXJ0aWNsZXMvMjAwOS9TY2hvzIhuaW5nLzIwMDkgU2Nob8yIbmluZy5wZGYAABMAAS8AABUAAgAU//8AAIAG0hscHR5aJGNsYXNzbmFtZVgkY2xhc3Nlc11OU011dGFibGVEYXRhox0fIFZOU0RhdGFYTlNPYmplY3TSGxwiI1xOU0RpY3Rpb25hcnmiIiBfEA9OU0tleWVkQXJjaGl2ZXLRJidUcm9vdIABAAgAEQAaACMALQAyADcAQABGAE0AVQBgAGcAagBsAG4AcQBzAHUAdwCEAI4A9wD8AQQDKAMqAy8DOgNDA1EDVQNcA2UDagN3A3oDjAOPA5QAAAAAAAACAQAAAAAAAAAoAAAAAAAAAAAAAAAAAAADlg==},
	Bdsk-Url-1 = {http://portal.acm.org/citation.cfm?id=1520340.1520581&coll=DL&dl=GUIDE&CFID=419843202&CFTOKEN=94892873},
	Bdsk-Url-2 = {http://dx.doi.org/10.1145/1520340.1520581}}

@article{Guttag:2011wd,
	Author = {Guttag, Karl M and Hurley, Shawn and Mei, Bill},
	Date-Added = {2014-04-03T16:09:27GMT},
	Date-Modified = {2014-04-29 16:17:18 +0000},
	Doi = {10.1889/1.3621379},
	Journal = {SID Symposium Digest of Technical Papers},
	Number = {1},
	Pages = {536-539},
	Publisher = {Wiley Online Library},
	Rating = {0},
	Read = {Yes},
	Title = {{39.1: Distinguished Paper: Laser+ LCOS Technology Revolution}},
	Volume = {42},
	Year = {2011},
	Bdsk-File-1 = {YnBsaXN0MDDUAQIDBAUGJCVYJHZlcnNpb25YJG9iamVjdHNZJGFyY2hpdmVyVCR0b3ASAAGGoKgHCBMUFRYaIVUkbnVsbNMJCgsMDxJXTlMua2V5c1pOUy5vYmplY3RzViRjbGFzc6INDoACgAOiEBGABIAFgAdccmVsYXRpdmVQYXRoWWFsaWFzRGF0YV8QLS4uL1BhcGVyL0FydGljbGVzLzIwMTEvR3V0dGFnLzIwMTEgR3V0dGFnLnBkZtIXCxgZV05TLmRhdGFPEQIMAAAAAAIMAAIAAAxNYWNpbnRvc2ggSEQAAAAAAAAAAAAAAAAAAADOZgQXSCsAAADHf5MPMjAxMSBHdXR0YWcucGRmAAAAAAAAAAAAAAAAAAAAAAAAAAAAAAAAAAAAAAAAAAAAAAAAAAAAAAAAAAAAAAAAAMd+48rHx9EAAAAAAAAAAAABAAUAAAkgAAAAAAAAAAAAAAAAAAAABkd1dHRhZwAQAAgAAM5l5/cAAAARAAgAAMrHq7EAAAABACQAx3+TAMdaZwDHWhcAGSPxABieNgAYmn0ABunRAAbp0AACYHUAAgBzTWFjaW50b3NoIEhEOlVzZXJzOgBwYXNjYWxrbmllcmltOgBEb2N1bWVudHM6AFN0dWRpdW06AE1hc3RlcmFyYmVpdDoAUGFwZXI6AEFydGljbGVzOgAyMDExOgBHdXR0YWc6ADIwMTEgR3V0dGFnLnBkZgAADgAgAA8AMgAwADEAMQAgAEcAdQB0AHQAYQBnAC4AcABkAGYADwAaAAwATQBhAGMAaQBuAHQAbwBzAGgAIABIAEQAEgBdVXNlcnMvcGFzY2Fsa25pZXJpbS9Eb2N1bWVudHMvU3R1ZGl1bS9NYXN0ZXJhcmJlaXQvUGFwZXIvQXJ0aWNsZXMvMjAxMS9HdXR0YWcvMjAxMSBHdXR0YWcucGRmAAATAAEvAAAVAAIAFP//AACABtIbHB0eWiRjbGFzc25hbWVYJGNsYXNzZXNdTlNNdXRhYmxlRGF0YaMdHyBWTlNEYXRhWE5TT2JqZWN00hscIiNcTlNEaWN0aW9uYXJ5oiIgXxAPTlNLZXllZEFyY2hpdmVy0SYnVHJvb3SAAQAIABEAGgAjAC0AMgA3AEAARgBNAFUAYABnAGoAbABuAHEAcwB1AHcAhACOAL4AwwDLAtsC3QLiAu0C9gMEAwgDDwMYAx0DKgMtAz8DQgNHAAAAAAAAAgEAAAAAAAAAKAAAAAAAAAAAAAAAAAAAA0k=},
	Bdsk-Url-1 = {http://onlinelibrary.wiley.com/doi/10.1889/1.3621379/abstract},
	Bdsk-Url-2 = {http://dx.doi.org/10.1889/1.3621379}}

@online{Arduino:b6u8ceDY,
	Author = {Arduino},
	Date-Added = {2014-04-03T16:22:09GMT},
	Date-Modified = {2014-04-29 17:28:17 +0000},
	Rating = {0},
	Read = {Yes},
	Title = {{Arduino Language Reference}},
	Url = {http://arduino.cc},
	Urldate = {2014-15-02},
	Bdsk-Url-1 = {http://arduino.cc}}

@misc{Ko:2012vp,
	Abstract = {Over the past few years, gesture recognition has made its debut in entertainment and gaming markets. Now, gesture recognition is becoming a commonplace technology, enabling humans and machines to interface more easily in the home, the automobile and ... 
},
	Author = {Ko, Dong-Ik and Agarwal, Gaurav},
	Date-Added = {2014-04-03T18:06:01GMT},
	Date-Modified = {2014-04-29 16:25:57 +0000},
	Publisher = {Dallas, TX, USA: Texas Instruments},
	Rating = {0},
	Read = {Yes},
	Title = {Gesture Recognition: Enabling Natural Interactions with Electronics},
	Year = {2012},
	Bdsk-File-1 = {YnBsaXN0MDDUAQIDBAUGJCVYJHZlcnNpb25YJG9iamVjdHNZJGFyY2hpdmVyVCR0b3ASAAGGoKgHCBMUFRYaIVUkbnVsbNMJCgsMDxJXTlMua2V5c1pOUy5vYmplY3RzViRjbGFzc6INDoACgAOiEBGABIAFgAdccmVsYXRpdmVQYXRoWWFsaWFzRGF0YV8QJS4uL1BhcGVyL0FydGljbGVzLzIwMTIvS28vMjAxMiBLby5wZGbSFwsYGVdOUy5kYXRhTxEB8AAAAAAB8AACAAAMTWFjaW50b3NoIEhEAAAAAAAAAAAAAAAAAAAAzmYEF0grAAAAx76MCzIwMTIgS28ucGRmAAAAAAAAAAAAAAAAAAAAAAAAAAAAAAAAAAAAAAAAAAAAAAAAAAAAAAAAAAAAAAAAAAAAAADHvhjLq4juAAAAAAAAAAAAAQAFAAAJIAAAAAAAAAAAAAAAAAAAAAJLbwAQAAgAAM5l5/cAAAARAAgAAMurbM4AAAABACQAx76MAMdacADHWhcAGSPxABieNgAYmn0ABunRAAbp0AACYHUAAgBrTWFjaW50b3NoIEhEOlVzZXJzOgBwYXNjYWxrbmllcmltOgBEb2N1bWVudHM6AFN0dWRpdW06AE1hc3RlcmFyYmVpdDoAUGFwZXI6AEFydGljbGVzOgAyMDEyOgBLbzoAMjAxMiBLby5wZGYAAA4AGAALADIAMAAxADIAIABLAG8ALgBwAGQAZgAPABoADABNAGEAYwBpAG4AdABvAHMAaAAgAEgARAASAFVVc2Vycy9wYXNjYWxrbmllcmltL0RvY3VtZW50cy9TdHVkaXVtL01hc3RlcmFyYmVpdC9QYXBlci9BcnRpY2xlcy8yMDEyL0tvLzIwMTIgS28ucGRmAAATAAEvAAAVAAIAFP//AACABtIbHB0eWiRjbGFzc25hbWVYJGNsYXNzZXNdTlNNdXRhYmxlRGF0YaMdHyBWTlNEYXRhWE5TT2JqZWN00hscIiNcTlNEaWN0aW9uYXJ5oiIgXxAPTlNLZXllZEFyY2hpdmVy0SYnVHJvb3SAAQAIABEAGgAjAC0AMgA3AEAARgBNAFUAYABnAGoAbABuAHEAcwB1AHcAhACOALYAuwDDArcCuQK+AskC0gLgAuQC6wL0AvkDBgMJAxsDHgMjAAAAAAAAAgEAAAAAAAAAKAAAAAAAAAAAAAAAAAAAAyU=},
	Bdsk-Url-1 = {http://pdf.thepdfportal.com/PDFFiles/147825.pdf}}

@online{Anonymous:5lF7gVK2,
	Author = {PrimeSense and {Garage Willow} and ASUS},
	Date-Added = {2014-04-04T15:57:56GMT},
	Date-Modified = {2014-04-29 17:32:06 +0000},
	Rating = {0},
	Read = {Yes},
	Title = {{OpenNI - \emph{Open Natural Interaction} }},
	Uri = {\url{papers2://publication/uuid/E6517B81-52B6-4426-AB58-47BCEBA01B8B}},
	Url = {http://www.openni.org/},
	Urldate = {2013-11-10},
	Bdsk-Url-1 = {http://www.openni.org/}}

@inproceedings{Ashdown:2005dx,
	Abstract = {A steerable projector is a digital projector whose beam can be moved under computer control to illuminate different objects in its environment. Various projects have explored the possibilities of steerable projectors but they have not addressed the calibration of a generalized optical and mechanical system. We present a method for calibrating a device comprised of a projector and a pan-tilt mirror. It starts by obtaining the internal parameters of a camera and the projector, then the pan-tilt mirror is placed in a series of positions and for each one the reflected projector position is calculated from a pattern projected onto a planar surface. From those readings a coarse version of the steerable projector parameters is obtained, which is then iteratively refined. We describe real results from our physical setup and a range of results from simulated data to characterize the performance of our algorithm. View full abstract},
	Author = {Ashdown, M and Sato, Y},
	Booktitle = {Computer Vision and Pattern Recognition - Workshops, 2005. CVPR Workshops. IEEE Computer Society Conference on},
	Date-Added = {2014-04-14T19:29:52GMT},
	Date-Modified = {2014-04-29 15:41:08 +0000},
	Doi = {10.1109/CVPR.2005.533},
	Pages = {98},
	Rating = {0},
	Read = {Yes},
	Title = {{Steerable Projector Calibration}},
	Year = {2005},
	Bdsk-Url-1 = {http://ieeexplore.ieee.org/xpl/articleDetails.jsp?tp=&arnumber=1565408&matchBoolean%3Dtrue%26rowsPerPage%3D30%26searchField%3DSearch_All%26queryText%3D%28%22Steerable+Projector+Calibration%22%29},
	Bdsk-Url-2 = {http://dx.doi.org/10.1109/CVPR.2005.533}}

@inproceedings{Kim:2013kx,
	Address = {New York, New York, USA},
	Author = {Kim, Hark-Joon and Kim, Hayoung and Chae, Seungho and Seo, Jonghoon and Han, Tack-Don},
	Booktitle = {CHI '13 Extended Abstracts on Human Factors in Computing Systems},
	Date-Added = {2014-03-11T12:24:28GMT},
	Date-Modified = {2014-03-13T14:07:22GMT},
	Doi = {10.1145/2468356.2468525},
	File = {{CHI EA '13 2013 Kim.pdf:/Users/pascalknierim/Documents/Studium/Masterarbeit/Paper/Articles/2013/Kim/CHI EA '13 2013 Kim.pdf:application/pdf}},
	Isbn = {9781450319522},
	Local-Url = {file://localhost/Users/pascalknierim/Documents/Studium/Masterarbeit/Paper/Articles/2013/Kim/CHI%20EA%20'13%202013%20Kim.pdf},
	Pages = {943},
	Publisher = {ACM Press},
	Rating = {0},
	Title = {{AR pen and hand gestures}},
	Uri = {\url{papers2://publication/doi/10.1145/2468356.2468525}},
	Url = {http://dl.acm.org/citation.cfm?doid=2468356.2468525},
	Year = {2013},
	Bdsk-File-1 = {YnBsaXN0MDDUAQIDBAUGJCVYJHZlcnNpb25YJG9iamVjdHNZJGFyY2hpdmVyVCR0b3ASAAGGoKgHCBMUFRYaIVUkbnVsbNMJCgsMDxJXTlMua2V5c1pOUy5vYmplY3RzViRjbGFzc6INDoACgAOiEBGABIAFgAdccmVsYXRpdmVQYXRoWWFsaWFzRGF0YV8QMi4uL1BhcGVyL0FydGljbGVzLzIwMTMvS2ltL0NISSBFQSAnMTMgMjAxMyBLaW0ucGRm0hcLGBlXTlMuZGF0YU8RAiIAAAAAAiIAAgAADE1hY2ludG9zaCBIRAAAAAAAAAAAAAAAAAAAAM5mBBdIKwAAAMdaixdDSEkgRUEgJzEzIDIwMTMgS2ltLnBkZgAAAAAAAAAAAAAAAAAAAAAAAAAAAAAAAAAAAAAAAAAAAAAAAAAAAAAAx1qMz2Mu2AAAAAAAAAAAAAEABQAACSAAAAAAAAAAAAAAAAAAAAADS2ltAAAQAAgAAM5l5/cAAAARAAgAAM9jErgAAAABACQAx1qLAMdaigDHWhcAGSPxABieNgAYmn0ABunRAAbp0AACYHUAAgB4TWFjaW50b3NoIEhEOlVzZXJzOgBwYXNjYWxrbmllcmltOgBEb2N1bWVudHM6AFN0dWRpdW06AE1hc3RlcmFyYmVpdDoAUGFwZXI6AEFydGljbGVzOgAyMDEzOgBLaW06AENISSBFQSAnMTMgMjAxMyBLaW0ucGRmAA4AMAAXAEMASABJACAARQBBACAAJwAxADMAIAAyADAAMQAzACAASwBpAG0ALgBwAGQAZgAPABoADABNAGEAYwBpAG4AdABvAHMAaAAgAEgARAASAGJVc2Vycy9wYXNjYWxrbmllcmltL0RvY3VtZW50cy9TdHVkaXVtL01hc3RlcmFyYmVpdC9QYXBlci9BcnRpY2xlcy8yMDEzL0tpbS9DSEkgRUEgJzEzIDIwMTMgS2ltLnBkZgATAAEvAAAVAAIAFP//AACABtIbHB0eWiRjbGFzc25hbWVYJGNsYXNzZXNdTlNNdXRhYmxlRGF0YaMdHyBWTlNEYXRhWE5TT2JqZWN00hscIiNcTlNEaWN0aW9uYXJ5oiIgXxAPTlNLZXllZEFyY2hpdmVy0SYnVHJvb3SAAQAIABEAGgAjAC0AMgA3AEAARgBNAFUAYABnAGoAbABuAHEAcwB1AHcAhACOAMMAyADQAvYC+AL9AwgDEQMfAyMDKgMzAzgDRQNIA1oDXQNiAAAAAAAAAgEAAAAAAAAAKAAAAAAAAAAAAAAAAAAAA2Q=},
	Bdsk-Url-1 = {http://dl.acm.org/citation.cfm?doid=2468356.2468525},
	Bdsk-Url-2 = {http://dx.doi.org/10.1145/2468356.2468525}}

@online{FORTHFoundationforResearchTechnologyHellas:F3nqLAGA,
	Author = {FORTH, Foundation for Research Technology-Hellas},
	Date-Added = {2014-04-10T08:29:43GMT},
	Date-Modified = {2014-04-29 17:30:18 +0000},
	Rating = {0},
	Title = {Kinect 3D Hand Tracking},
	Url = {http://cvrlcode.ics.forth.gr/handtracking/},
	Urldate = {2014-02-03},
	Bdsk-Url-1 = {http://cvrlcode.ics.forth.gr/handtracking/}}

@inproceedings{Winkler:2014wp,
	Author = {Winkler, Christian and Seifert, Julian and Dobbelstein, David and Rukzio, Enrico},
	Booktitle = {Proceedings of the 32Nd Annual ACM Conference on Human Factors in Computing Systems},
	Date-Added = {2014-03-11T12:26:32GMT},
	Date-Modified = {2014-04-29 17:50:11 +0000},
	Doi = {10.1145/2556288.2557365},
	Pages = {4117--4126},
	Publisher = {ACM},
	Rating = {0},
	Read = {Yes},
	Series = {CHI 2014},
	Title = {Pervasive Information Through Constant Personal Projection: The Ambient Mobile Pervasive Display (AMP-D)},
	Year = {2014},
	Bdsk-File-1 = {YnBsaXN0MDDUAQIDBAUGJCVYJHZlcnNpb25YJG9iamVjdHNZJGFyY2hpdmVyVCR0b3ASAAGGoKgHCBMUFRYaIVUkbnVsbNMJCgsMDxJXTlMua2V5c1pOUy5vYmplY3RzViRjbGFzc6INDoACgAOiEBGABIAFgAdccmVsYXRpdmVQYXRoWWFsaWFzRGF0YV8QLy4uL1BhcGVyL0FydGljbGVzLzIwMTQvV2lua2xlci8yMDE0IFdpbmtsZXIucGRm0hcLGBlXTlMuZGF0YU8RAhQAAAAAAhQAAgAADE1hY2ludG9zaCBIRAAAAAAAAAAAAAAAAAAAAM5mBBdIKwAAAMdamRAyMDE0IFdpbmtsZXIucGRmAAAAAAAAAAAAAAAAAAAAAAAAAAAAAAAAAAAAAAAAAAAAAAAAAAAAAAAAAAAAAAAAx1qaz2Mu2QAAAAAAAAAAAAEABQAACSAAAAAAAAAAAAAAAAAAAAAHV2lua2xlcgAAEAAIAADOZef3AAAAEQAIAADPYxK5AAAAAQAkAMdamQDHWpgAx1oXABkj8QAYnjYAGJp9AAbp0QAG6dAAAmB1AAIAdU1hY2ludG9zaCBIRDpVc2VyczoAcGFzY2Fsa25pZXJpbToARG9jdW1lbnRzOgBTdHVkaXVtOgBNYXN0ZXJhcmJlaXQ6AFBhcGVyOgBBcnRpY2xlczoAMjAxNDoAV2lua2xlcjoAMjAxNCBXaW5rbGVyLnBkZgAADgAiABAAMgAwADEANAAgAFcAaQBuAGsAbABlAHIALgBwAGQAZgAPABoADABNAGEAYwBpAG4AdABvAHMAaAAgAEgARAASAF9Vc2Vycy9wYXNjYWxrbmllcmltL0RvY3VtZW50cy9TdHVkaXVtL01hc3RlcmFyYmVpdC9QYXBlci9BcnRpY2xlcy8yMDE0L1dpbmtsZXIvMjAxNCBXaW5rbGVyLnBkZgAAEwABLwAAFQACABT//wAAgAbSGxwdHlokY2xhc3NuYW1lWCRjbGFzc2VzXU5TTXV0YWJsZURhdGGjHR8gVk5TRGF0YVhOU09iamVjdNIbHCIjXE5TRGljdGlvbmFyeaIiIF8QD05TS2V5ZWRBcmNoaXZlctEmJ1Ryb290gAEACAARABoAIwAtADIANwBAAEYATQBVAGAAZwBqAGwAbgBxAHMAdQB3AIQAjgDAAMUAzQLlAucC7AL3AwADDgMSAxkDIgMnAzQDNwNJA0wDUQAAAAAAAAIBAAAAAAAAACgAAAAAAAAAAAAAAAAAAANT},
	Bdsk-Url-1 = {http://www.uni-ulm.de/fileadmin/website_uni_ulm/iui.inst.100/institut/Papers/Prof_Rukzio/2014/winkler2168-AMP-D.pdf}}

@online{Intel:H9HpU8rd,
	Author = {Intel and Garage, Willow and Itseez},
	Date-Added = {2014-04-10T21:07:57GMT},
	Date-Modified = {2014-04-29 17:30:33 +0000},
	Rating = {0},
	Read = {Yes},
	Title = {{OpenCV - Open Source Computer Vision}},
	Uri = {\url{papers2://publication/uuid/1FD1E953-CADD-4A2F-A5A2-2CED852736A4}},
	Url = {http://opencv.org/},
	Urldate = {2014-15-02},
	Bdsk-Url-1 = {http://opencv.org/}}

@online{Digia:BVAEvJrQ,
	Author = {{Digia} and {QtProject}},
	Date-Added = {2014-04-10T21:10:41GMT},
	Date-Modified = {2014-04-29 16:06:30 +0000},
	Lastchecked = {29.04.2014},
	Rating = {0},
	Read = {Yes},
	Title = {{Qt Project}},
	Url = {http://qt-project.org/},
	Urldate = {2014-01-10},
	Year = {2014},
	Bdsk-Url-1 = {http://qt-project.org/}}

@inproceedings{Wilson:2010de,
	Abstract = {Instrumented with multiple depth cameras and projectors, LightSpace is a small room installation designed to explore a variety of interactions and computational strategies related to interactive displays and the space that they inhabit. LightSpace cameras},
	Annote = {From: -Steerable Augmented Reality with the Beamatron
          -Beamatron
},
	Author = {Wilson, Andrew D. and Benko, Hrvoje},
	Booktitle = {Proceedings of the 23Nd Annual ACM Symposium on User Interface Software and Technology},
	Date-Added = {2013-10-14T13:23:14GMT},
	Date-Modified = {2014-04-29 16:59:17 +0000},
	Doi = {10.1145/1866029.1866073},
	Month = oct,
	Pages = {273--282},
	Publisher = {ACM Request Permissions},
	Rating = {0},
	Read = {Yes},
	Series = {UIST '10},
	Title = {Combining Multiple Depth Cameras and Projectors for Interactions on, Above and Between Surfaces},
	Year = {2010},
	Bdsk-File-1 = {YnBsaXN0MDDUAQIDBAUGJCVYJHZlcnNpb25YJG9iamVjdHNZJGFyY2hpdmVyVCR0b3ASAAGGoKgHCBMUFRYaIVUkbnVsbNMJCgsMDxJXTlMua2V5c1pOUy5vYmplY3RzViRjbGFzc6INDoACgAOiEBGABIAFgAdccmVsYXRpdmVQYXRoWWFsaWFzRGF0YV8QLS4uL1BhcGVyL0FydGljbGVzLzIwMTAvV2lsc29uLzIwMTAgV2lsc29uLnBkZtIXCxgZV05TLmRhdGFPEQIMAAAAAAIMAAIAAAxNYWNpbnRvc2ggSEQAAAAAAAAAAAAAAAAAAADOZgQXSCsAAADHWlsPMjAxMCBXaWxzb24ucGRmAAAAAAAAAAAAAAAAAAAAAAAAAAAAAAAAAAAAAAAAAAAAAAAAAAAAAAAAAAAAAAAAAMdaXM9jLtYAAAAAAAAAAAABAAUAAAkgAAAAAAAAAAAAAAAAAAAABldpbHNvbgAQAAgAAM5l5/cAAAARAAgAAM9jErYAAAABACQAx1pbAMdaUQDHWhcAGSPxABieNgAYmn0ABunRAAbp0AACYHUAAgBzTWFjaW50b3NoIEhEOlVzZXJzOgBwYXNjYWxrbmllcmltOgBEb2N1bWVudHM6AFN0dWRpdW06AE1hc3RlcmFyYmVpdDoAUGFwZXI6AEFydGljbGVzOgAyMDEwOgBXaWxzb246ADIwMTAgV2lsc29uLnBkZgAADgAgAA8AMgAwADEAMAAgAFcAaQBsAHMAbwBuAC4AcABkAGYADwAaAAwATQBhAGMAaQBuAHQAbwBzAGgAIABIAEQAEgBdVXNlcnMvcGFzY2Fsa25pZXJpbS9Eb2N1bWVudHMvU3R1ZGl1bS9NYXN0ZXJhcmJlaXQvUGFwZXIvQXJ0aWNsZXMvMjAxMC9XaWxzb24vMjAxMCBXaWxzb24ucGRmAAATAAEvAAAVAAIAFP//AACABtIbHB0eWiRjbGFzc25hbWVYJGNsYXNzZXNdTlNNdXRhYmxlRGF0YaMdHyBWTlNEYXRhWE5TT2JqZWN00hscIiNcTlNEaWN0aW9uYXJ5oiIgXxAPTlNLZXllZEFyY2hpdmVy0SYnVHJvb3SAAQAIABEAGgAjAC0AMgA3AEAARgBNAFUAYABnAGoAbABuAHEAcwB1AHcAhACOAL4AwwDLAtsC3QLiAu0C9gMEAwgDDwMYAx0DKgMtAz8DQgNHAAAAAAAAAgEAAAAAAAAAKAAAAAAAAAAAAAAAAAAAA0k=},
	Bdsk-Url-1 = {http://portal.acm.org/citation.cfm?id=1866029.1866073&coll=DL&dl=GUIDE&CFID=370455632&CFTOKEN=43189752},
	Bdsk-Url-2 = {http://dx.doi.org/10.1145/1866029.1866073}}

@article{Koike:2001tf,
	Author = {Koike, Hideki and Sato, Yoichi and Kobayashi, Yoshinori},
	Date-Added = {2014-03-11T12:57:04GMT},
	Date-Modified = {2014-04-25T13:06:47GMT},
	File = {{2001 Koike.pdf:/Users/pascalknierim/Documents/Studium/Masterarbeit/Paper/Articles/2001/Koike/2001 Koike.pdf:application/pdf}},
	Journal = {ACM Transactions on Computer-Human Interaction},
	Local-Url = {file://localhost/Users/pascalknierim/Documents/Studium/Masterarbeit/Paper/Articles/2001/Koike/2001%20Koike.pdf},
	Number = {4},
	Pages = {307--322},
	Rating = {0},
	Read = {Yes},
	Title = {{Integrating paper and digital information on EnhancedDesk: a method for realtime finger tracking on an augmented desk system}},
	Uri = {\url{papers2://publication/uuid/E4AB7E0E-5651-43C4-BB69-FA1BCC64837D}},
	Url = {http://dl.acm.org/citation.cfm?id=504706},
	Volume = {8},
	Year = {2001},
	Bdsk-File-1 = {YnBsaXN0MDDUAQIDBAUGJCVYJHZlcnNpb25YJG9iamVjdHNZJGFyY2hpdmVyVCR0b3ASAAGGoKgHCBMUFRYaIVUkbnVsbNMJCgsMDxJXTlMua2V5c1pOUy5vYmplY3RzViRjbGFzc6INDoACgAOiEBGABIAFgAdccmVsYXRpdmVQYXRoWWFsaWFzRGF0YV8QKy4uL1BhcGVyL0FydGljbGVzLzIwMDEvS29pa2UvMjAwMSBLb2lrZS5wZGbSFwsYGVdOUy5kYXRhTxECBgAAAAACBgACAAAMTWFjaW50b3NoIEhEAAAAAAAAAAAAAAAAAAAAzmYEF0grAAAAx1osDjIwMDEgS29pa2UucGRmAAAAAAAAAAAAAAAAAAAAAAAAAAAAAAAAAAAAAAAAAAAAAAAAAAAAAAAAAAAAAAAAAADHWi3PYy7VAAAAAAAAAAAAAQAFAAAJIAAAAAAAAAAAAAAAAAAAAAVLb2lrZQAAEAAIAADOZef3AAAAEQAIAADPYxK1AAAAAQAkAMdaLADHWikAx1oXABkj8QAYnjYAGJp9AAbp0QAG6dAAAmB1AAIAcU1hY2ludG9zaCBIRDpVc2VyczoAcGFzY2Fsa25pZXJpbToARG9jdW1lbnRzOgBTdHVkaXVtOgBNYXN0ZXJhcmJlaXQ6AFBhcGVyOgBBcnRpY2xlczoAMjAwMToAS29pa2U6ADIwMDEgS29pa2UucGRmAAAOAB4ADgAyADAAMAAxACAASwBvAGkAawBlAC4AcABkAGYADwAaAAwATQBhAGMAaQBuAHQAbwBzAGgAIABIAEQAEgBbVXNlcnMvcGFzY2Fsa25pZXJpbS9Eb2N1bWVudHMvU3R1ZGl1bS9NYXN0ZXJhcmJlaXQvUGFwZXIvQXJ0aWNsZXMvMjAwMS9Lb2lrZS8yMDAxIEtvaWtlLnBkZgAAEwABLwAAFQACABT//wAAgAbSGxwdHlokY2xhc3NuYW1lWCRjbGFzc2VzXU5TTXV0YWJsZURhdGGjHR8gVk5TRGF0YVhOU09iamVjdNIbHCIjXE5TRGljdGlvbmFyeaIiIF8QD05TS2V5ZWRBcmNoaXZlctEmJ1Ryb290gAEACAARABoAIwAtADIANwBAAEYATQBVAGAAZwBqAGwAbgBxAHMAdQB3AIQAjgC8AMEAyQLTAtUC2gLlAu4C/AMAAwcDEAMVAyIDJQM3AzoDPwAAAAAAAAIBAAAAAAAAACgAAAAAAAAAAAAAAAAAAANB},
	Bdsk-Url-1 = {http://dl.acm.org/citation.cfm?id=504706}}

@inproceedings{Raskar:2005jy,
	Address = {New York, New York, USA},
	Annote = {Paper focus on change of projectors to portable anviorment-aware systems which offers everywhere information. Problems like distortion correction on non planar surfaces, object augmentation and cooperation  as well as interaction are discussed.  Main focus is geometry.
Present a algorithm to create large displays( self configuring) 


Cheap Projectors offer new possibilities;
	-cluster, flexible use, temporal use.
	-
How to create PLUG AND disPLAY projectors.

1.3
There are system and paper about multi-projector displays, but need different environmental sensors. 

Other Projectors are equipped with sensors to . e.g. automated keystone correction. 

2.
To enable calibration freeness a completely calibrated projector camera system is used. 

3.
Correction of a Image depends on position of the user. Create shape which fulfills our expectations.
Projection techniques:
	- conformal projection:
		angle preserving 
	- zero-stretch:
		for developable surfaces
	Computing the man via LSCM

Vertical Alignment via rotation. Computed by analyzing triangles and determine rotation.

5.
Show how to combine several units to one big screen dynamically! 
	on a plane or quadric surfaces 
},
	Author = {Raskar, Ramesh and van Baar, Jeroen and Beardsley, Paul and Willwacher, Thomas and Rao, Srinivas and Forlines, Clifton},
	Booktitle = {ACM SIGGRAPH 2005 Courses},
	Date-Added = {2013-10-03T12:02:51GMT},
	Date-Modified = {2014-04-29 16:53:28 +0000},
	Doi = {10.1145/1198555.1198715},
	Pages = {5},
	Publisher = {ACM},
	Rating = {0},
	Read = {Yes},
	Series = {SIGGRAPH '05},
	Title = {iLamps: Geometrically Aware and Self-configuring Projectors},
	Year = {2005},
	Bdsk-File-1 = {YnBsaXN0MDDUAQIDBAUGJCVYJHZlcnNpb25YJG9iamVjdHNZJGFyY2hpdmVyVCR0b3ASAAGGoKgHCBMUFRYaIVUkbnVsbNMJCgsMDxJXTlMua2V5c1pOUy5vYmplY3RzViRjbGFzc6INDoACgAOiEBGABIAFgAdccmVsYXRpdmVQYXRoWWFsaWFzRGF0YV8QOi4uL1BhcGVyL0FydGljbGVzLzIwMDUvUmFza2FyL1NJR0dSQVBIICcwNSAyMDA1IFJhc2thci5wZGbSFwsYGVdOUy5kYXRhTxECPgAAAAACPgACAAAMTWFjaW50b3NoIEhEAAAAAAAAAAAAAAAAAAAAzmYEF0grAAAAx1o2HFNJR0dSQVBIICcwNSAyMDA1IFJhc2thci5wZGYAAAAAAAAAAAAAAAAAAAAAAAAAAAAAAAAAAAAAAAAAAAAAAADHWjfPYy7VAAAAAAAAAAAAAQAFAAAJIAAAAAAAAAAAAAAAAAAAAAZSYXNrYXIAEAAIAADOZef3AAAAEQAIAADPYxK1AAAAAQAkAMdaNgDHWjUAx1oXABkj8QAYnjYAGJp9AAbp0QAG6dAAAmB1AAIAgE1hY2ludG9zaCBIRDpVc2VyczoAcGFzY2Fsa25pZXJpbToARG9jdW1lbnRzOgBTdHVkaXVtOgBNYXN0ZXJhcmJlaXQ6AFBhcGVyOgBBcnRpY2xlczoAMjAwNToAUmFza2FyOgBTSUdHUkFQSCAnMDUgMjAwNSBSYXNrYXIucGRmAA4AOgAcAFMASQBHAEcAUgBBAFAASAAgACcAMAA1ACAAMgAwADAANQAgAFIAYQBzAGsAYQByAC4AcABkAGYADwAaAAwATQBhAGMAaQBuAHQAbwBzAGgAIABIAEQAEgBqVXNlcnMvcGFzY2Fsa25pZXJpbS9Eb2N1bWVudHMvU3R1ZGl1bS9NYXN0ZXJhcmJlaXQvUGFwZXIvQXJ0aWNsZXMvMjAwNS9SYXNrYXIvU0lHR1JBUEggJzA1IDIwMDUgUmFza2FyLnBkZgATAAEvAAAVAAIAFP//AACABtIbHB0eWiRjbGFzc25hbWVYJGNsYXNzZXNdTlNNdXRhYmxlRGF0YaMdHyBWTlNEYXRhWE5TT2JqZWN00hscIiNcTlNEaWN0aW9uYXJ5oiIgXxAPTlNLZXllZEFyY2hpdmVy0SYnVHJvb3SAAQAIABEAGgAjAC0AMgA3AEAARgBNAFUAYABnAGoAbABuAHEAcwB1AHcAhACOAMsA0ADYAxoDHAMhAywDNQNDA0cDTgNXA1wDaQNsA34DgQOGAAAAAAAAAgEAAAAAAAAAKAAAAAAAAAAAAAAAAAAAA4g=},
	Bdsk-Url-1 = {http://portal.acm.org/citation.cfm?doid=1198555.1198715},
	Bdsk-Url-2 = {http://dx.doi.org/10.1145/1198555.1198715}}

@inproceedings{Dietz:2001il,
	Abstract = {A technique for creating a touch-sensitive input device is proposed which allows multiple, simultaneous users to interact in an intuitive fashion. Touch location information is determined independently for each user, allowing each touch on a common surface},
	Annote = {From: Using a depth camera as a touch sensor

An- other useful capability is the ability to attribute each touch to specific users. While such ability was first built into Di- amondTouch [6], there have been a number of vision-based approaches to exploit more sophisticated models of contact orientation and shape with similar goals [5,14].
},
	Author = {Dietz, Paul and Leigh, Darren},
	Booktitle = {UIST '01: Proceedings of the 14th annual ACM symposium on User interface software and technology},
	Date-Added = {2013-10-14T13:25:53GMT},
	Date-Modified = {2014-04-09T17:15:05GMT},
	Doi = {10.1145/502348.502389},
	File = {{2001 Dietz.pdf:/Users/pascalknierim/Documents/Studium/Masterarbeit/Paper/Articles/2001/Dietz/2001 Dietz.pdf:application/pdf}},
	Local-Url = {file://localhost/Users/pascalknierim/Documents/Studium/Masterarbeit/Paper/Articles/2001/Dietz/2001%20Dietz.pdf},
	Month = nov,
	Publisher = {ACM Request Permissions},
	Rating = {0},
	Title = {{DiamondTouch: a multi-user touch technology}},
	Uri = {\url{papers2://publication/doi/10.1145/502348.502389}},
	Url = {http://portal.acm.org/citation.cfm?id=502348.502389&coll=DL&dl=GUIDE&CFID=370455632&CFTOKEN=43189752},
	Year = {2001},
	Bdsk-File-1 = {YnBsaXN0MDDUAQIDBAUGJCVYJHZlcnNpb25YJG9iamVjdHNZJGFyY2hpdmVyVCR0b3ASAAGGoKgHCBMUFRYaIVUkbnVsbNMJCgsMDxJXTlMua2V5c1pOUy5vYmplY3RzViRjbGFzc6INDoACgAOiEBGABIAFgAdccmVsYXRpdmVQYXRoWWFsaWFzRGF0YV8QKy4uL1BhcGVyL0FydGljbGVzLzIwMDEvRGlldHovMjAwMSBEaWV0ei5wZGbSFwsYGVdOUy5kYXRhTxECBgAAAAACBgACAAAMTWFjaW50b3NoIEhEAAAAAAAAAAAAAAAAAAAAzmYEF0grAAAAx1oqDjIwMDEgRGlldHoucGRmAAAAAAAAAAAAAAAAAAAAAAAAAAAAAAAAAAAAAAAAAAAAAAAAAAAAAAAAAAAAAAAAAADHWivPYy7VAAAAAAAAAAAAAQAFAAAJIAAAAAAAAAAAAAAAAAAAAAVEaWV0egAAEAAIAADOZef3AAAAEQAIAADPYxK1AAAAAQAkAMdaKgDHWikAx1oXABkj8QAYnjYAGJp9AAbp0QAG6dAAAmB1AAIAcU1hY2ludG9zaCBIRDpVc2VyczoAcGFzY2Fsa25pZXJpbToARG9jdW1lbnRzOgBTdHVkaXVtOgBNYXN0ZXJhcmJlaXQ6AFBhcGVyOgBBcnRpY2xlczoAMjAwMToARGlldHo6ADIwMDEgRGlldHoucGRmAAAOAB4ADgAyADAAMAAxACAARABpAGUAdAB6AC4AcABkAGYADwAaAAwATQBhAGMAaQBuAHQAbwBzAGgAIABIAEQAEgBbVXNlcnMvcGFzY2Fsa25pZXJpbS9Eb2N1bWVudHMvU3R1ZGl1bS9NYXN0ZXJhcmJlaXQvUGFwZXIvQXJ0aWNsZXMvMjAwMS9EaWV0ei8yMDAxIERpZXR6LnBkZgAAEwABLwAAFQACABT//wAAgAbSGxwdHlokY2xhc3NuYW1lWCRjbGFzc2VzXU5TTXV0YWJsZURhdGGjHR8gVk5TRGF0YVhOU09iamVjdNIbHCIjXE5TRGljdGlvbmFyeaIiIF8QD05TS2V5ZWRBcmNoaXZlctEmJ1Ryb290gAEACAARABoAIwAtADIANwBAAEYATQBVAGAAZwBqAGwAbgBxAHMAdQB3AIQAjgC8AMEAyQLTAtUC2gLlAu4C/AMAAwcDEAMVAyIDJQM3AzoDPwAAAAAAAAIBAAAAAAAAACgAAAAAAAAAAAAAAAAAAANB},
	Bdsk-Url-1 = {http://portal.acm.org/citation.cfm?id=502348.502389&coll=DL&dl=GUIDE&CFID=370455632&CFTOKEN=43189752},
	Bdsk-Url-2 = {http://dx.doi.org/10.1145/502348.502389}}

@article{Rukzio:2012hj,
	Abstract = {Projectors are pervasive as infrastructure devices for large displays but are now also becoming available in small form factors that afford mobile personal use. This article surveys the interaction space of "projectors on the move" and reviews input},
	Annote = {Focus on state of pico projector; use, input,  output,

Three use concepts are grateful: 
 - peripheral
 - handset integrated
 - wearable 
 - stand alone(not a add on)

Challenges:
- how to keep privacy 
- placement
- sensing and tracking 
	Tracking Projector
	Tracking Surface 
	Tracking user hands/input divice(stick/laser)

Interaction (input): 
 - input on projector/device 
	soft keys, touch 
 - movement of projector
	torch metaphor with crosshair, gestural input
- direct interaction with projection:
	touch, finger gestures, in-the-air gestures. 
- manipulating surface
	bend rotate projection surface 

Output
- anywhere display:
	no environmental awareness-{\&}gt;maybe distorted; otherwise pre wrapped 
-  Spotlight interaction:
	moving through virtual space; torchlight metaphor. vgl motion of projector. 
- Augmented reality:
	Project on special tracked real world objects to enable rich information 
- multiprojector:
	user projector in collaborative manner -{\&}gt; create late screen 

Applications/Usecases 
	Games
	Entertainment
	AR
	Data Visulization/Manipulation
	Collaboration

	},
	Author = {Rukzio, E. and Holleis, P. and Gellersen, H.},
	Date-Added = {2013-10-03T12:04:23GMT},
	Date-Modified = {2014-04-29 16:55:15 +0000},
	Doi = {10.1109/MPRV.2011.17},
	Journal = {Pervasive Computing, IEEE},
	Month = apr,
	Number = {2},
	Pages = {30--37},
	Rating = {0},
	Read = {Yes},
	Title = {Personal Projectors for Pervasive Computing},
	Volume = {11},
	Year = {2012},
	Bdsk-File-1 = {YnBsaXN0MDDUAQIDBAUGJCVYJHZlcnNpb25YJG9iamVjdHNZJGFyY2hpdmVyVCR0b3ASAAGGoKgHCBMUFRYaIVUkbnVsbNMJCgsMDxJXTlMua2V5c1pOUy5vYmplY3RzViRjbGFzc6INDoACgAOiEBGABIAFgAdccmVsYXRpdmVQYXRoWWFsaWFzRGF0YV8QLS4uL1BhcGVyL0FydGljbGVzLzIwMTIvUnVremlvLzIwMTIgUnVremlvLnBkZtIXCxgZV05TLmRhdGFPEQIMAAAAAAIMAAIAAAxNYWNpbnRvc2ggSEQAAAAAAAAAAAAAAAAAAADOZgQXSCsAAADHWoAPMjAxMiBSdWt6aW8ucGRmAAAAAAAAAAAAAAAAAAAAAAAAAAAAAAAAAAAAAAAAAAAAAAAAAAAAAAAAAAAAAAAAAMdagc9jLtcAAAAAAAAAAAABAAUAAAkgAAAAAAAAAAAAAAAAAAAABlJ1a3ppbwAQAAgAAM5l5/cAAAARAAgAAM9jErcAAAABACQAx1qAAMdacADHWhcAGSPxABieNgAYmn0ABunRAAbp0AACYHUAAgBzTWFjaW50b3NoIEhEOlVzZXJzOgBwYXNjYWxrbmllcmltOgBEb2N1bWVudHM6AFN0dWRpdW06AE1hc3RlcmFyYmVpdDoAUGFwZXI6AEFydGljbGVzOgAyMDEyOgBSdWt6aW86ADIwMTIgUnVremlvLnBkZgAADgAgAA8AMgAwADEAMgAgAFIAdQBrAHoAaQBvAC4AcABkAGYADwAaAAwATQBhAGMAaQBuAHQAbwBzAGgAIABIAEQAEgBdVXNlcnMvcGFzY2Fsa25pZXJpbS9Eb2N1bWVudHMvU3R1ZGl1bS9NYXN0ZXJhcmJlaXQvUGFwZXIvQXJ0aWNsZXMvMjAxMi9SdWt6aW8vMjAxMiBSdWt6aW8ucGRmAAATAAEvAAAVAAIAFP//AACABtIbHB0eWiRjbGFzc25hbWVYJGNsYXNzZXNdTlNNdXRhYmxlRGF0YaMdHyBWTlNEYXRhWE5TT2JqZWN00hscIiNcTlNEaWN0aW9uYXJ5oiIgXxAPTlNLZXllZEFyY2hpdmVy0SYnVHJvb3SAAQAIABEAGgAjAC0AMgA3AEAARgBNAFUAYABnAGoAbABuAHEAcwB1AHcAhACOAL4AwwDLAtsC3QLiAu0C9gMEAwgDDwMYAx0DKgMtAz8DQgNHAAAAAAAAAgEAAAAAAAAAKAAAAAAAAAAAAAAAAAAAA0k=},
	Bdsk-Url-1 = {http://ieeexplore.ieee.org/xpl/articleDetails.jsp?tp=&arnumber=5722949&matchBoolean%3Dtrue%26rowsPerPage%3D30%26searchField%3DSearch_All%26queryText%3D%28p_DOI%3A10.1109%2FMPRV.2011.17%29},
	Bdsk-Url-2 = {http://dx.doi.org/10.1109/MPRV.2011.17}}

@inproceedings{Raskar:2001iu,
	Abstract = {We describe a new paradigm for three-dimensional computer graphics, using projectors to graphically animate physical objects in the real world. The idea is to replace a physical object - with its inherent color, texture, and material properties-with a neutral object and projected im- agery, ... 
},
	Address = {Vienna},
	Annote = {Project on arbitrary surfaces

from Beamatron},
	Author = {Raskar, Ramesh and Welch, Greg and Low, Kok-Lim and Bandyopadhyay, Deepak},
	Booktitle = {Rendering Techniques {\ldots}},
	Date-Added = {2013-10-14T13:43:17GMT},
	Date-Modified = {2014-04-29 15:00:19 +0000},
	Doi = {10.1007/978-3-7091-6242-2_9},
	File = {{2001 Raskar.pdf:/Users/pascalknierim/Documents/Studium/Masterarbeit/Paper/Books/2001/Raskar/2001 Raskar.pdf:application/pdf}},
	Isbn = {978-3-7091-6242-2},
	Local-Url = {file://localhost/Users/pascalknierim/Documents/Studium/Masterarbeit/Paper/Books/2001/Raskar/2001%20Raskar.pdf},
	Pages = {89--102},
	Publisher = {Springer Vienna},
	Rating = {0},
	Title = {{Shader Lamps: Animating Real Objects With Image-Based Illumination}},
	Uri = {\url{papers2://publication/doi/10.1007/978-3-7091-6242-2_9}},
	Url = {http://www.springerlink.com/index/10.1007/978-3-7091-6242-2_9},
	Year = {2001},
	Bdsk-File-1 = {YnBsaXN0MDDUAQIDBAUGJCVYJHZlcnNpb25YJG9iamVjdHNZJGFyY2hpdmVyVCR0b3ASAAGGoKgHCBMUFRYaIVUkbnVsbNMJCgsMDxJXTlMua2V5c1pOUy5vYmplY3RzViRjbGFzc6INDoACgAOiEBGABIAFgAdccmVsYXRpdmVQYXRoWWFsaWFzRGF0YV8QKi4uL1BhcGVyL0Jvb2tzLzIwMDEvUmFza2FyLzIwMDEgUmFza2FyLnBkZtIXCxgZV05TLmRhdGFPEQIEAAAAAAIEAAIAAAxNYWNpbnRvc2ggSEQAAAAAAAAAAAAAAAAAAADOZgQXSCsAAADHWqkPMjAwMSBSYXNrYXIucGRmAAAAAAAAAAAAAAAAAAAAAAAAAAAAAAAAAAAAAAAAAAAAAAAAAAAAAAAAAAAAAAAAAMdaqs9jLtkAAAAAAAAAAAABAAUAAAkgAAAAAAAAAAAAAAAAAAAABlJhc2thcgAQAAgAAM5l5/cAAAARAAgAAM9jErkAAAABACQAx1qpAMdaqADHWqcAGSPxABieNgAYmn0ABunRAAbp0AACYHUAAgBwTWFjaW50b3NoIEhEOlVzZXJzOgBwYXNjYWxrbmllcmltOgBEb2N1bWVudHM6AFN0dWRpdW06AE1hc3RlcmFyYmVpdDoAUGFwZXI6AEJvb2tzOgAyMDAxOgBSYXNrYXI6ADIwMDEgUmFza2FyLnBkZgAOACAADwAyADAAMAAxACAAUgBhAHMAawBhAHIALgBwAGQAZgAPABoADABNAGEAYwBpAG4AdABvAHMAaAAgAEgARAASAFpVc2Vycy9wYXNjYWxrbmllcmltL0RvY3VtZW50cy9TdHVkaXVtL01hc3RlcmFyYmVpdC9QYXBlci9Cb29rcy8yMDAxL1Jhc2thci8yMDAxIFJhc2thci5wZGYAEwABLwAAFQACABT//wAAgAbSGxwdHlokY2xhc3NuYW1lWCRjbGFzc2VzXU5TTXV0YWJsZURhdGGjHR8gVk5TRGF0YVhOU09iamVjdNIbHCIjXE5TRGljdGlvbmFyeaIiIF8QD05TS2V5ZWRBcmNoaXZlctEmJ1Ryb290gAEACAARABoAIwAtADIANwBAAEYATQBVAGAAZwBqAGwAbgBxAHMAdQB3AIQAjgC7AMAAyALQAtIC1wLiAusC+QL9AwQDDQMSAx8DIgM0AzcDPAAAAAAAAAIBAAAAAAAAACgAAAAAAAAAAAAAAAAAAAM+},
	Bdsk-Url-1 = {http://www.springerlink.com/index/10.1007/978-3-7091-6242-2_9},
	Bdsk-Url-2 = {http://dx.doi.org/10.1007/978-3-7091-6242-2_9}}

@inproceedings{Griesser:2006ko,
	Abstract = {This paper presents a novel interactive Projector Calibration for arbitrary Multi-Projector-Camera environments. The method does not require any calibration rig and is not restricted to any special arrangement of the display devices. The cameras in the system need to be precalibrated so that a common world coordinate system can be defined. Each projector is sequentially activated and a series of self-identifying tags is generated. These tags are accurately and robustly detected and must be seen by a minimum subset of the cameras. This is achieved by freely moving a target object, i.e. a sheet of paper, onto which the tags are projected. Point correspondences for each tag in threespace are computed by minimizing the reprojection errors in the relevant images and eliminating potential outliers. If a tag has been seen a sufficient number of times, it is masked out in the display so that a visual feedback of the current detection state is given to the user. The resulting 3D-point cloud coupled with the known 2D tag-position in the projector frame serves as input for a nonlinear optimization of the projector's intrinsic and extrinsic parameters as well as distortion factors. We show that the overall procedure takes less than a minute and results in low reprojection errors. View full abstract},
	Author = {Griesser, A and Van Gool, L},
	Booktitle = {Computer Vision and Pattern Recognition Workshop, 2006. CVPRW '06. Conference on},
	Date-Added = {2014-04-14T19:32:38GMT},
	Date-Modified = {2014-04-29 16:13:32 +0000},
	Doi = {10.1109/CVPRW.2006.37},
	Pages = {8},
	Rating = {0},
	Read = {Yes},
	Title = {{Automatic Interactive Calibration of Multi-Projector-Camera Systems}},
	Year = {2006},
	Bdsk-Url-1 = {http://ieeexplore.ieee.org/xpls/abs_all.jsp?arnumber=1640446},
	Bdsk-Url-2 = {http://dx.doi.org/10.1109/CVPRW.2006.37}}

@article{Wellner:1993vh,
	Author = {Wellner, Pierre},
	Date-Added = {2014-03-11T13:13:35GMT},
	Date-Modified = {2014-04-29 17:24:40 +0000},
	Journal = {Communications of the ACM},
	Number = {7},
	Pages = {87--96},
	Publisher = {ACM},
	Rating = {0},
	Title = {{Interacting with paper on the DigitalDesk}},
	Volume = {36},
	Year = {1993},
	Bdsk-File-1 = {YnBsaXN0MDDUAQIDBAUGJCVYJHZlcnNpb25YJG9iamVjdHNZJGFyY2hpdmVyVCR0b3ASAAGGoKgHCBMUFRYaIVUkbnVsbNMJCgsMDxJXTlMua2V5c1pOUy5vYmplY3RzViRjbGFzc6INDoACgAOiEBGABIAFgAdccmVsYXRpdmVQYXRoWWFsaWFzRGF0YV8QLy4uL1BhcGVyL0FydGljbGVzLzE5OTMvV2VsbG5lci8xOTkzIFdlbGxuZXIucGRm0hcLGBlXTlMuZGF0YU8RAhQAAAAAAhQAAgAADE1hY2ludG9zaCBIRAAAAAAAAAAAAAAAAAAAAM5mBBdIKwAAAMdaHBAxOTkzIFdlbGxuZXIucGRmAAAAAAAAAAAAAAAAAAAAAAAAAAAAAAAAAAAAAAAAAAAAAAAAAAAAAAAAAAAAAAAAx1odz2Mu1QAAAAAAAAAAAAEABQAACSAAAAAAAAAAAAAAAAAAAAAHV2VsbG5lcgAAEAAIAADOZef3AAAAEQAIAADPYxK1AAAAAQAkAMdaHADHWhsAx1oXABkj8QAYnjYAGJp9AAbp0QAG6dAAAmB1AAIAdU1hY2ludG9zaCBIRDpVc2VyczoAcGFzY2Fsa25pZXJpbToARG9jdW1lbnRzOgBTdHVkaXVtOgBNYXN0ZXJhcmJlaXQ6AFBhcGVyOgBBcnRpY2xlczoAMTk5MzoAV2VsbG5lcjoAMTk5MyBXZWxsbmVyLnBkZgAADgAiABAAMQA5ADkAMwAgAFcAZQBsAGwAbgBlAHIALgBwAGQAZgAPABoADABNAGEAYwBpAG4AdABvAHMAaAAgAEgARAASAF9Vc2Vycy9wYXNjYWxrbmllcmltL0RvY3VtZW50cy9TdHVkaXVtL01hc3RlcmFyYmVpdC9QYXBlci9BcnRpY2xlcy8xOTkzL1dlbGxuZXIvMTk5MyBXZWxsbmVyLnBkZgAAEwABLwAAFQACABT//wAAgAbSGxwdHlokY2xhc3NuYW1lWCRjbGFzc2VzXU5TTXV0YWJsZURhdGGjHR8gVk5TRGF0YVhOU09iamVjdNIbHCIjXE5TRGljdGlvbmFyeaIiIF8QD05TS2V5ZWRBcmNoaXZlctEmJ1Ryb290gAEACAARABoAIwAtADIANwBAAEYATQBVAGAAZwBqAGwAbgBxAHMAdQB3AIQAjgDAAMUAzQLlAucC7AL3AwADDgMSAxkDIgMnAzQDNwNJA0wDUQAAAAAAAAIBAAAAAAAAACgAAAAAAAAAAAAAAAAAAANT},
	Bdsk-Url-1 = {http://dl.acm.org/citation.cfm?id=159630}}

@inproceedings{Tamaki:2009hr,
	Address = {New York, New York, USA},
	Annote = {Main Focus:
New Small and light device for gesture interaction..
	-Camera for detection 
	-laser for indicating field of view
	- Projector projects feedback on hand (words/images)
	- earphone for audio feedback

2 Versions are developed 
	1. laser ad visual feedback, used one handed
	2. mini projector used two handed

Example Applications is developed:
	Music Player: Play Stop Next Prev.
	
simple version is build... },
	Author = {Tamaki, Emi and Miyaki, Takashi and Rekimoto, Jun},
	Booktitle = {CHI '09 Extended Abstracts on Human Factors in Computing Systems},
	Date-Added = {2013-10-03T12:05:02GMT},
	Date-Modified = {2014-04-29 16:56:36 +0000},
	Doi = {10.1145/1520340.1520649},
	Pages = {4255--4260},
	Publisher = {ACM},
	Rating = {0},
	Read = {Yes},
	Series = {CHI EA '09},
	Title = {Brainy Hand: An Ear-worn Hand Gesture Interaction Device},
	Year = {2009},
	Bdsk-File-1 = {YnBsaXN0MDDUAQIDBAUGJCVYJHZlcnNpb25YJG9iamVjdHNZJGFyY2hpdmVyVCR0b3ASAAGGoKgHCBMUFRYaIVUkbnVsbNMJCgsMDxJXTlMua2V5c1pOUy5vYmplY3RzViRjbGFzc6INDoACgAOiEBGABIAFgAdccmVsYXRpdmVQYXRoWWFsaWFzRGF0YV8QOC4uL1BhcGVyL0FydGljbGVzLzIwMDkvVGFtYWtpL0NISSBFQSAnMDkgMjAwOSBUYW1ha2kucGRm0hcLGBlXTlMuZGF0YU8RAjYAAAAAAjYAAgAADE1hY2ludG9zaCBIRAAAAAAAAAAAAAAAAAAAAM5mBBdIKwAAAMdaThpDSEkgRUEgJzA5IDIwMDkgVGFtYWtpLnBkZgAAAAAAAAAAAAAAAAAAAAAAAAAAAAAAAAAAAAAAAAAAAAAAAAAAx1pPz2Mu1gAAAAAAAAAAAAEABQAACSAAAAAAAAAAAAAAAAAAAAAGVGFtYWtpABAACAAAzmXn9wAAABEACAAAz2MStgAAAAEAJADHWk4Ax1pCAMdaFwAZI/EAGJ42ABiafQAG6dEABunQAAJgdQACAH5NYWNpbnRvc2ggSEQ6VXNlcnM6AHBhc2NhbGtuaWVyaW06AERvY3VtZW50czoAU3R1ZGl1bToATWFzdGVyYXJiZWl0OgBQYXBlcjoAQXJ0aWNsZXM6ADIwMDk6AFRhbWFraToAQ0hJIEVBICcwOSAyMDA5IFRhbWFraS5wZGYADgA2ABoAQwBIAEkAIABFAEEAIAAnADAAOQAgADIAMAAwADkAIABUAGEAbQBhAGsAaQAuAHAAZABmAA8AGgAMAE0AYQBjAGkAbgB0AG8AcwBoACAASABEABIAaFVzZXJzL3Bhc2NhbGtuaWVyaW0vRG9jdW1lbnRzL1N0dWRpdW0vTWFzdGVyYXJiZWl0L1BhcGVyL0FydGljbGVzLzIwMDkvVGFtYWtpL0NISSBFQSAnMDkgMjAwOSBUYW1ha2kucGRmABMAAS8AABUAAgAU//8AAIAG0hscHR5aJGNsYXNzbmFtZVgkY2xhc3Nlc11OU011dGFibGVEYXRhox0fIFZOU0RhdGFYTlNPYmplY3TSGxwiI1xOU0RpY3Rpb25hcnmiIiBfEA9OU0tleWVkQXJjaGl2ZXLRJidUcm9vdIABAAgAEQAaACMALQAyADcAQABGAE0AVQBgAGcAagBsAG4AcQBzAHUAdwCEAI4AyQDOANYDEAMSAxcDIgMrAzkDPQNEA00DUgNfA2IDdAN3A3wAAAAAAAACAQAAAAAAAAAoAAAAAAAAAAAAAAAAAAADfg==},
	Bdsk-Url-1 = {http://portal.acm.org/citation.cfm?doid=1520340.1520649},
	Bdsk-Url-2 = {http://dx.doi.org/10.1145/1520340.1520649}}
